5500 6884
919 733 925 740 ¹
994 825 1082 912 aro
1297 793 1541 930 turre.
1601 797 1713 894 or
1765 786 2114 890 corruo

999 967 1151 1054 xiorem
1178 960 1401 1059 dicentemr
1433 996 1521 1057 curn
1546 987 1674 1056 tamen
1705 971 1785 1056 hac
1815 970 1921 1052 illam
1943 967 2126 1056 exhibeat
2155 965 2289 1078 ficilc,
2313 991 2395 1048 non

997 1089 1100 1170 ntro
1128 1086 1214 1171 vice
1241 1080 1372 1213 νεώ,
1402 1084 1470 1171 nist
1498 1080 1642 1173 summa
1668 1113 1756 1172 cum
1777 1083 2029 1176 difficultatet
2059 1113 2174 1198 quarn
2204 1077 2281 1196 ipse
2308 1077 2397 1164 sane

996 1227 1082 1286 noo
1104 1198 1216 1287 facile
1245 1197 1458 1314 superabit,
1491 1193 1636 1303 idest,
1667 1226 1748 1286 nott
1779 1201 1890 1286 facilc
1919 1229 1941 1284 a
1971 1206 2127 1314 cognita
2160 1201 2395 1314 proprietate

953 1331 957 1336 ’
999 1317 1099 1402 radii
1122 1313 1323 1403 osculantis
1340 1319 1392 1401 ad
1416 1322 1687 1433 proprietatem
1709 1321 1900 1431 tangentis
1920 1311 2124 1407 ascendet;
2156 1345 2244 1401 curn
2265 1341 2396 1398 tamen

990 1458 1158 1534 contra,
1188 1437 1298 1519 nullo
1327 1436 1484 1533 labore,
1517 1466 1565 1522 ex
1594 1439 1828 1552 proprietate
1864 1437 2054 1549 tangentis
2088 1436 2302 1549 proprietas
2336 1457 2395 1514 ra·

995 1546 1060 1636 da'i
1083 1545 1283 1635 osculantis
1313 1547 1537 1639 innotescat.

1001 1729 1007 1736 .
1061 1659 1169 1749 Cum
1199 1692 1327 1752 tamen
1358 1673 1524 1754 maxirna
1553 1669 1679 1754 adhuc
1711 1666 1910 1752 difficultas
1931 1660 2109 1778 superfit,
2140 1689 2183 1747 ut
2202 1665 2393 1748 construc-

861 1841 864 1847 ι
1002 1783 1062 1865 tio
1093 1811 1142 1867 ex
1171 1787 1429 1896 proprietate,
1460 1781 1524 1870 seu
1553 1788 1792 1898 aequatione,
1823 1787 1901 1891 jam
1926 1785 2082 1867 inventa
2111 1783 2303 1876 eliciatutr
2332 1807 2394 1862 ec·

890 1971 894 1976 .
1000 1927 1046 1984 ce
1076 1925 1161 1984 eam
1191 1893 1275 1983 satis
1305 1904 1545 2012 elegantem,
1588 1930 1672 2014 que
1701 1927 1851 1986 tanturn
1885 1894 2063 2012 supponit
2095 1895 2394 2010 Logarirhmos:

998 2012 1160 2125 Nempe
1185 2016 1235 2099 ad
1255 2045 1366 2102 axem
1392 2013 1477 2104 CE
1504 2015 1656 2128 (ligur.
1684 2019 1751 2124 2.)
1778 2011 2035 2130 describantur
2065 2013 2148 2098 duat
2178 2041 2329 2110 curvat,
2354 2039 2396 2092 u-

816 2091 982 2245 §lssffdv
1002 2159 1052 2217 na
1078 2133 1293 2251 algebraica
1322 2131 1368 2218 D
1383 2131 1509 2234 ΑΗ,
1541 2139 1659 2222 altera
1684 2127 1950 2217 transcendens
1980 2127 2076 2220 th
2109 2131 2180 2213 hac
2208 2131 2325 2240 lege,
2354 2149 2396 2210 ut

835 2260 892 2345 Fir·
914 2277 943 2322 ²·
1000 2247 1122 2364 posita
1149 2244 1300 2334 abscissa
1336 2247 1443 2350 CE,
1475 2283 1536 2344 ηις
1568 2253 1758 2364 applicata
1795 2251 1894 2343 iliius
1924 2244 2016 2333 ΕΗ
2041 2248 2083 2330 srt
2109 2293 2178 2332 2:
2213 2245 2265 2327 νη*
2298 2279 2307 2326 :
2340 2273 2395 2324 aa

1000 2391 1096 2472 ÷2
1125 2398 1163 2447 m
1189 2393 1238 2476 4.
1261 2399 1342 2451 aa:
1375 2399 1435 2465 m,
1467 2370 1655 2478 applicata
1695 2394 1791 2465 vero
1831 2365 1943 2473 hujus
1984 2357 2071 2449 El(
2103 2363 2232 2450 sit-s..-
2248 2393 2268 2471 3
2299 2357 2393 2442 m⁴:

1002 2498 1079 2588 μ’
1117 2509 1164 2589 4.
1190 2511 1296 2565 mm:
1329 2517 1443 2566 a...
1468 2489 1532 2564 lm
1555 2483 1710 2596 [posrro
1732 2489 1794 2564 lm
1821 2479 2024 2593 significare
2050 2481 2130 2595 log.
2151 2479 2264 2592 ipstus
2295 2486 2395 2578 m,]

1001 2623 1117 2684 ¹erunt
1140 2594 1251 2694 ΚΕ,
1281 2595 1398 2698 EH,
1429 2601 1663 2686 coordinata
1679 2627 1803 2684 curvat
1827 2597 2004 2711 quaesrtae.
2034 2593 2107 2682 Ad
2165 2625 2252 2680 uam
2280 2595 2396 2709 igitur

1002 2712 1300 2800 ,construendam
1328 2716 1434 2801 aliud
1464 2719 1558 2801 nihd
1588 2745 1686 2828 opus
1716 2715 1793 2814 est,
1824 2741 1941 2829 quarn
1971 2736 2013 2796 ut
2042 2715 2092 2798 ad
2122 2627 2397 2823 dM,app1i-

1006 2833 1100 2913 catis
1130 2832 1383 2941 parallelum,
1427 2859 1609 2946 tanquam
1635 2832 1685 2916 ad
1712 2859 1859 2930 axem,
1900 2828 2059 2914 ducatur
2091 2836 2132 2916 δε
2165 2828 2396 2942 producanu

1004 2944 1327 3060 perpendicularis
1356 2947 1463 3037 KM
1491 2954 1530 3033 in
1556 2949 1631 3051 N,
1662 2953 1715 3032 ita
1745 2974 1787 3031 ut
1817 2941 1927 3034 MN
1956 2945 1999 3031 stt
2019 2991 2088 3030 2.-
2109 2943 2202 3034 EH
2217 2979 2227 3038 ς
2260 2948 2396 3058 punita

999 3065 1107 3151 enirn
1137 3061 1186 3151 N
1205 3090 1316 3149 erunt
1344 3071 1385 3150 in
1415 3093 1530 3151 curva
1561 3065 1712 3181 quesita
1740 3061 1857 3162 BN,
1890 3090 1973 3175 quat
2001 3092 2143 3178 nempe
2173 3065 2272 3148 circa
2294 3056 2394 3148 CN

1001 3175 1187 3267 converlt
1216 3184 1396 3293 producit
1424 3179 1616 3284 solidum,
1662 3187 1701 3266 in
1730 3180 1841 3293 quod
1880 3179 1907 3264 fi
1948 3205 2150 3266 moveatur
2190 3175 2395 3266 secundum

1004 3297 1157 3408 plagam
1171 3301 1250 3382 axis
1273 3295 1392 3399 CM,
1414 3301 1572 3386 fluidum
1594 3296 1961 3386 faciatresrstentiam
1971 3300 2187 3384 minimam.
2211 3293 2394 3508 ths’la

1004 3447 1057 3546 Et
1084 3469 1252 3561 curvae†
1282 3465 1449 3577 aequatio
1488 3455 1752 3550 transcendens
1777 3463 2064 3578 -errponeutialis
2099 3465 2194 3566 erit,
2228 3495 2265 3544 m

1001 3580 1468 3706 5a3r714-l-4aamm-4
1481 3579 1516 3652 α’
1534 3607 1559 3652 x
1581 3624 1667 3720 Ubi
1682 3634 1728 3713 la
1745 3629 1770 3713 fi

1771 3626 1925 3745 gnificat
1941 3630 2214 3745 logarithmum
2230 3627 2341 3742 ipsius
2356 3655 2391 3707 a.

1059 3743 1121 3831 Ex
1151 3741 1195 3828 Ρ.
1226 3742 1266 3829 S.
1315 3745 1477 3852 ejusdm.
1532 3739 1651 3830 Dum
1681 3749 1908 3858 posteriores
1954 3743 2062 3835 hasce
2090 3751 2209 3836 lineas
2239 3741 2389 3844 scribo,

1001 3857 1115 3950 Tuas
1145 3857 1326 3948 secundas
1358 3863 1504 3947 litteras
1532 3891 1619 3946 curn
1643 3865 1826 3970 adjunctis
1857 3857 2004 3952 schedis
2027 3869 2189 3978 accipio.
2234 3861 2391 3950 Percur-

998 4004 1086 4064 rens
1126 3980 1254 4063 obiter
1293 3981 1466 4066 ultimam
1502 3979 1694 4092 plagulam
1724 3974 1848 4092 scripti
1880 3975 2201 4072 DUILLERII
2240 3979 2392 4093 reperio

995 4097 1337 4197 constructionem,
1363 4125 1449 4209 quat
1483 4123 1570 4182 cum
1594 4123 1680 4186 mea
1707 4097 1885 4182 nonnihil
1903 4097 2094 4188 affinitatis
2116 4101 2258 4186 habere
2277 4097 2390 4184 vide·

994 4237 1068 4296 tur.
1130 4210 1208 4296 Sed
1237 4241 1323 4300 eam
1353 4215 1570 4302 examinare
1595 4216 1672 4322 jam
1697 4242 1778 4300 non
1817 4215 1934 4308 ricert
1970 4243 2094 4305 certus
2122 4212 2252 4302 saltem
2279 4208 2366 4298 sum
2377 4271 2391 4312 ,

992 4326 1104 4446 quod
1133 4357 1220 4414 eam
1249 4357 1330 4414 non
1360 4326 1561 4416 invenisset
1592 4359 1640 4418 err
1674 4325 1737 4414 sua
1784 4327 2018 4434 solutione,
2059 4331 2127 4419 nist
2156 4329 2394 4418 Newroniane

989 4451 1228 4564 proprietate
1258 4447 1412 4555 adjutus
1426 4476 1440 4544 ;
1467 4447 1590 4558 ‘quod
1624 4445 1821 4558 patuisset,
1854 4449 1882 4532 sr
1911 4450 2175 4552 methodum,
2220 4476 2298 4561 qua
2341 4445 2392 4534 ad

991 4590 1079 4648 eam
1109 4565 1309 4677 pervenit,
1340 4559 1547 4670 adjecisset.
1608 4557 1805 4663 Caeterum
1837 4565 1947 4650 vides
1977 4593 2093 4681 quam
2133 4567 2244 4652 brevi
2285 4589 2387 4651 tem·

991 4705 1113 4794 pore,
1144 4710 1260 4793 quam
1290 4705 1444 4794 promte
1474 4681 1553 4762 haec
1583 4683 1714 4768 omnia
1743 4682 1994 4795 expedierint.
2057 4679 2254 4770 Triduum
2285 4686 2391 4770 enirn

991 4795 1073 4894 est,
1098 4797 1214 4914 ‚quod
1242 4821 1326 4884 tuat
1355 4799 1502 4912 priores
1532 4823 1620 4885 curn
1649 4799 1790 4888 charta
1818 4797 2010 4908 Famis,
2043 4827 2130 4922 quae
2161 4795 2262 4890 hisce
2285 4802 2393 4900 ¹meis

1477 4997 1480 5000 ,
2259 4912 2393 5026 ausam

1079 5023 1670 5114 ⁸11<‚uuuum·uurubmen
2150 5047 2153 5052 '
