5500 6884
925 816 1011 934 246
1074 805 1155 901 nr.
1186 803 1346 900 xiix
1382 801 1640 902 >anemo
1659 805 2168 904 exnxnoircoiurrr
2308 915 2312 932 ,

922 969 1056 1060 Sumta
1095 969 1227 1083 itaque
1266 965 1363 1056 AK
1383 1013 1452 1054 ==
1490 969 1610 1056 radici
1641 972 1752 1081 hujus
1793 971 2021 1085 aequationis
2048 1005 2098 1074 x,
2140 971 2325 1092 factoque

922 1168 968 1230 ut
998 1133 1187 1236 bnadcn,
1215 1138 1269 1220 ita
1289 1133 1387 1224 AK
1412 1137 1462 1224 ad
1482 1129 1603 1240 AT,
1635 1137 1947 1226 determinabunt
1975 1140 2173 1252 applicatae
2196 1136 2319 1240 KV,

923 1249 1020 1345 TZ
1049 1256 1187 1371 punsla
1216 1250 1261 1342 V
1291 1262 1332 1342 &
1360 1251 1424 1358 Z,
1455 1287 1505 1342 ex
1535 1257 1676 1372 quibus
1707 1255 1853 1343 edudlae
1883 1256 1946 1339 axi
1977 1258 2165 1367 parallelae
2184 1253 2323 1358 VM,

924 1372 1044 1476 ZN,
1076 1370 1249 1458 auferent
1274 1402 1324 1460 ex
1348 1370 1539 1460 Parabola
1560 1403 1689 1459 arcum
1709 1397 1886 1488 optatum
1916 1367 2051 1472 MN,
2084 1378 2152 1490 qui
2179 1371 2326 1460 scilicet

924 1494 979 1579 ad
1002 1519 1133 1690 areop]
1162 1490 1376 1606 expositum
1403 1488 1490 1582 BC
1528 1493 1719 1580 rationem
1750 1491 1948 1577 obtinebit
1977 1491 2109 1578 datam
2137 1527 2163 1577 n
2197 1493 2248 1576 ad
2287 1523 2324 1577 1.

924 1615 1119 1834 QQuod
1148 1747 1286 1812 notarit
1317 1723 1477 1842 dignuin
1519 1727 1583 1814 hic
1621 1725 1755 1828 venit,
1793 1747 1911 1841 atque
1942 1725 2069 1825 mihi,
2111 1725 2164 1810 ad
2205 1728 2324 1839 longe

927 1843 1190 1958 operosiorem
1210 1847 1399 1930 calculum
1429 1847 1478 1950 ab
1493 1846 1605 1932 initio
1636 1847 1807 1931 animum
1836 1843 2080 1958 praeparanti,
2111 1837 2220 1956 supra
2248 1871 2324 1928 vo-

928 1987 1012 2050 tum
1040 1987 1170 2046 tamen
1200 1959 1572 2075 &expectationem
1597 1957 1788 2062 succelfit,
1819 1963 1896 2060 est,
1925 1960 2036 2072 quod
2050 1964 2216 2072 trapezia
2238 1989 2321 2044 rec-

927 2080 1063 2168 tilinea
1082 2074 1206 2179 aW,
1233 2073 1329 2178 GY,
1356 2073 1432 2164 ite.
1463 2079 1715 2168 formaverint
1737 2102 1813 2166 tres
1835 2074 2112 2191 progressiones
2145 2077 2324 2162 indefini-

928 2224 970 2284 te
990 2190 1251 2287 summabilesr
1285 2193 1437 2282 sienim
1462 2199 1543 2282 alite
1569 2192 1794 2311 prodiissent
1820 2223 1856 2278 a.
1869 2193 2114 2308 geometricis
2141 2191 2323 2294 diversae,

926 2320 970 2400 δι
992 2341 1074 2399 non
1092 2310 1292 2399 indefinite
1320 2308 1564 2400 summabiles
1576 2374 1589 2414 ,
1617 2313 1759 2428 [quod
1781 2311 1960 2398 facillime
1982 2310 2156 2398 accidere
2175 2305 2323 2424 potuis·

928 2429 1006 2530 set,
1033 2429 1144 2543 sipro
1171 2431 1369 2543 incognita
1383 2433 1456 2516 alia
1477 2432 1619 2547 quaevis
1634 2459 1750 2546 quain
1763 2421 1860 2515 Al<
1886 2453 2043 2541 accepta
2061 2426 2210 2528 fuisset]
2229 2421 2324 2513 Pro·

928 2549 1062 2634 blema
1082 2539 1170 2630 sanc
1206 2573 1415 2656 perimam
1453 2553 1494 2633 dt
1523 2547 1743 2661 generalem
1776 2548 2033 2662 aequationem
2058 2574 2131 2658 pro
2162 2575 2326 2630 numero

929 2657 1286 2750 indefinitonfolvi
1309 2692 1391 2750 non
1412 2662 1615 2778 potuisset,
1641 2658 1708 2750 sed
1726 2693 1798 2776 pro
1820 2662 1970 2776 singulis
1990 2667 2181 2762 numeris,
2207 2658 2330 2776 iisque

929 2778 1161 2893 integris&
1195 2781 1447 2867 rationalibus
1481 2782 1689 2880 duntaxat,
1718 2780 1919 2894 singulares
1955 2774 2101 2892 semper
2127 2779 2177 2865 de
2216 2809 2329 2866 novo

927 2899 1175 3104 {iiiiii}
1188 2892 2329 3134 illnlslllllissliblllllllll‘illl

928 3127 1099 3220 fionibus
1133 3134 1210 3218 illis
1241 3138 1514 3248 geometricisr
1544 3134 1645 3220 adeo
1669 3161 1713 3220 ut
1735 3164 1806 3246 pro
1843 3157 2005 3218 numero
2023 3163 2071 3232 a,
2096 3159 2177 3215 non
2207 3127 2327 3220 solum

929 3271 1133 3335 numerum
1151 3251 1365 3364 integrum,
1388 3246 1454 3338 sed
1477 3262 1518 3339 δι
1540 3251 1698 3336 fractum
1715 3243 1918 3334 surdumve
1939 3250 2115 3362 quemvis
2131 3241 2329 3338 substitue-

931 3393 974 3451 re
1005 3363 1184 3476 poliimut
1203 3367 1244 3447 in
1267 3369 1486 3479 aquatione
1513 3368 1706 3481 generalia
1736 3393 1820 3478 quac
1847 3357 1941 3450 ideo
1969 3389 2099 3452 tamen
2131 3393 2329 3480 nunquam

933 3476 1046 3594 supra
1059 3476 1285 3600 quadratam
1298 3477 1499 3584 ascendet,
1527 3483 1631 3569 unde
1645 3479 1853 3568 Problema
1869 3484 1910 3567 in
1923 3487 2032 3567 omni
2046 3478 2130 3567 casu
2160 3485 2212 3568 est
2247 3490 2327 3600 pla·

931 3627 1040 3684 num.
1101 3591 1290 3710 Suppono
1314 3621 1445 3685 autem
1464 3600 1638 3686 datarum
1659 3597 1683 3682 b
1702 3605 1742 3685 dt
1771 3630 1792 3682 c
1820 3601 1937 3688 etiarn
1967 3598 2075 3684 daras
2105 3595 2178 3686 else
2200 3597 2328 3714 potes·

932 3787 1031 3850 rates
1055 3742 1105 3845 bn
1123 3765 1164 3850 ae
1181 3748 1250 3858 rna
1274 3789 1435 3881 quarum
1459 3765 1619 3883 quidem
1641 3769 1765 3868 ratio,
1790 3763 1817 3850 si
1841 3797 1868 3851 n
1894 3766 1938 3853 lit
1964 3795 2144 3854 numerus
2170 3761 2325 3870 surdus,

788 3981 794 3999 ι
932 3883 1068 3972 haberi
1098 3909 1180 3967 non
1206 3887 1355 3998 potest,
1387 3885 1455 3973 nisi
1481 3884 1677 3972 mediante
1706 3881 2004 3999 Logarithmica.

991 3990 1094 4084 Dixi
1123 3995 1254 4116 supra,
1284 4031 1366 4088 non
1393 3999 1499 4118 polle
1526 4007 1620 4088 citra
1647 3996 1765 4114 ipsam
1787 4001 2099 4089 testificationem
2123 3997 2335 4103 ,Parabolae

934 4115 1100 4204 inveniri
1128 4117 1228 4206 duos
1264 4147 1373 4207 arcus
1404 4121 1568 4238 aequales
1604 4125 1645 4206 δι
1673 4118 1882 4228 dissimiles.
1940 4121 2032 4234 Jain
2058 4121 2150 4206 dico
2187 4149 2334 4234 porro,
2509 4231 2510 4235 Ν

932 4229 1087 4326 stratio
1114 4233 1205 4322 dara
1233 4269 1253 4322 1
1285 4237 1337 4323 ad
1364 4271 1392 4321 rr
1421 4239 1464 4324 fit
1490 4239 1778 4355 inaequalitatis,
1807 4269 1937 4325 arcum
1970 4243 2157 4344 majorem
2185 4237 2336 4325 debere
2507 4232 2508 4254 ¹

932 4355 1034 4440 intra
1059 4355 1200 4442 limites
1231 4349 1320 4441 suos
1343 4359 1549 4472 complecti
1571 4359 1783 4450 minorem3
1812 4353 1879 4443 seir
1905 4361 2185 4442 extremitatem
2214 4384 2336 4442 unam

933 4463 990 4559 M
1021 4475 1176 4579 maioris
1205 4470 1290 4561 fore
1315 4481 1543 4566 viciniorem
1569 4478 1705 4564 vertici
1728 4469 1796 4577 A,
1817 4503 1933 4589 quain
1958 4479 2238 4562 extremitatem
2258 4477 2337 4558 mi-

934 4593 1041 4674 noris
1069 4590 1128 4693 B,
1157 4595 1315 4682 alteram
1338 4627 1436 4684 vero
1459 4597 1614 4707 majoris
1637 4597 1918 4681 extremitatem
1946 4587 2018 4694 N,
2048 4593 2266 4680 abeodem
2285 4587 2337 4680 A

871 4719 880 4730 '
934 4711 1187 4796 remotiorem
1213 4713 1322 4818 fore,
1351 4744 1469 4832 quam
1506 4717 1665 4802 minoris
1696 4715 1853 4798 alteram
1884 4715 2167 4798 extremitatem
2194 4707 2255 4796 C:
2283 4705 2335 4794 ld

936 4821 1017 4920 cst,
1036 4820 1078 4904 'si
1099 4827 1358 4942 intelligantur
1380 4831 1497 4938 ΒΟ,
1530 4827 1615 4920 CP
1643 4831 1833 4915 normales
1866 4829 1916 4914 ad
1933 4861 2044 4917 axem
2069 4827 2192 4932 AX,
2216 4827 2335 4912 cadet

934 4934 1144 5054 ucceffuio
1171 4969 1280 5036 uicus
1304 4947 1421 5054 ΟΡ,
1448 4956 1518 5074 qui
1554 4955 1690 5072 utique
1715 4947 1784 5068 ipsi
1804 4943 1893 5038 BC
1929 4955 1983 5042 est
2006 4949 2184 5068 aequalis,
2223 4973 2267 5032 to

2269 4969 2334 5028 tus

2268 5083 2332 5172 gn·
2505 5117 2506 5130 ,
