5500 6884
1429 351 1516 358 ..--.-
1530 351 1577 360 .,.-
1596 353 1688 358 ,,.---

1424 381 1436 396 e
1762 393 1766 401 ,
1823 351 1853 389 Ι
2044 351 2049 387 Ι
2137 351 2159 401 Ι
2323 351 2331 382 Ι

2124 407 2133 418 Ο

1614 435 1618 453 Ι
1813 426 1817 435 .

510 784 575 881 N⁰
603 779 840 878 LXXIV.
900 781 1148 878 MOTUS
1170 779 1585 886 artronum·
1678 831 1793 926 4οςἈἱ

371 931 514 1026 solutio
540 944 735 1053 publicata
759 929 926 1058 primum
958 951 998 1032 in
1038 949 1223 1059 Tranfiari.
1264 950 1401 1036 Philas.
1442 935 1600 1041 Ltnaiin.
1640 952 1767 1044 Anno

376 1088 506 1168 1704,
538 1057 667 1148 Num.
703 1079 799 1166 289,
831 1072 871 1150 δι
909 1069 1044 1179 postea
1077 1063 1294 1182 untscripta
1324 1071 1365 1154 in
1392 1069 1495 1156 Atta
1532 1072 1766 1160 Eruditoram

369 1177 560 1262 novissimi
585 1177 745 1293 Aprilis.
1270 1265 1274 1276 ,

430 1294 549 1404 Quid
578 1294 629 1380 de
654 1297 727 1380 hac
748 1291 942 1384 sustine
972 1294 1170 1402 censeam,
1192 1330 1363 1388 mearum
1391 1304 1446 1389 est
1475 1311 1641 1419 partium
1668 1287 1763 1422 pau}

299 1477 303 1484 .
368 1412 423 1494 cis
453 1415 555 1524 prius
583 1415 763 1525 aperire,
807 1444 924 1528 quam
955 1445 1081 1502 meam
1111 1415 1372 1532 proposuerot
1413 1449 1541 1536 neque
1567 1424 1609 1508 id
1639 1425 1766 1514 facere

368 1529 559 1630 verebor,
582 1559 667 1614 cum
689 1533 784 1616 mihi
808 1537 978 1635 constet,
1004 1529 1206 1620 Clarissimi
1225 1531 1411 1622 Audoris
1430 1542 1657 1654 popularem
1681 1538 1767 1630 Ce-

367 1645 614 1732 leberrimum
631 1645 991 1752 NEWTONUM¹
1010 1646 1204 1738 sententia
1234 1683 1326 1740 mea
1348 1655 1399 1740 ab
1419 1651 1567 1743 Amico
1589 1661 1765 1770 quodam

366 1767 462 1860 [cui
491 1792 583 1848 eam·
594 1765 775 1878 privatim
793 1763 1105 1882 perscripseram]
1129 1772 1328 1854 interserta
1346 1801 1415 1884 per
1438 1798 1566 1860 totum
1587 1773 1764 1892 suffraga-

365 1881 412 1963 ri.
446 1877 589 1988 Qtare
611 1911 692 1966 non
721 1912 820 1997 agre
850 1887 1013 1970 laturum
1033 1881 1142 1996 spero
1162 1886 1411 1972 acutissimum
1436 1886 1763 1997 CRAIGIUM,

366 1996 417 2096 st,
449 1998 560 2110 quod
588 1999 629 2082 in
659 2000 770 2111 ipfius
793 1997 986 2088 solutione
1014 2002 1190 2088 defidero
1214 2006 1337 2088 amice
1357 2011 1398 2088 &
1418 2007 1582 2092 candide
1616 2039 1763 2122 propo-

364 2141 467 2198 nam.
528 2109 665 2218 Illam,
698 2143 741 2200 ut
760 2144 855 2230 pote
873 2121 1058 2220 brevem,
1089 2121 1164 2203 huc
1186 2116 1395 2203 transcribo
1429 2145 1568 2209 totam.
1606 2186 1634 2224 „
1650 2125 1763 2240 Sint,

364 2232 513 2346 inquit,
533 2267 623 2323 v,s
654 2237 887 2323 coordinata
920 2232 1064 2322 Curva
1106 2235 1203 2322 data
1243 2242 1283 2320 δι
1324 2231 1469 2324 Curva
1501 2241 1661 2352 quastta
1692 2241 1764 2340 sant

364 2348 652 2448 „coordinata
672 2385 722 2449 x,
747 2386 800 2468 y:
831 2379 938 2454 tum,
970 2384 1019 2440 ex
1049 2353 1279 2440 conditione
1294 2349 1553 2441 Problematis
1576 2360 1648 2441 erit
1670 2362 1761 2442 dv*

363 2526 393 2570 „
409 2493 458 2574 4-
475 2473 544 2550 ds‘
564 2513 633 2550 =.-
650 2474 729 2552 dx*
750 2495 799 2576 4-
820 2477 907 2584 dy².
968 2467 1140 2557 Ponatur
1161 2474 1222 2553 dx
1239 2513 1309 2552 =
1326 2473 1388 2554 dv
1409 2525 1484 2542 --
1500 2478 1633 2565 andita
1657 2474 1764 2560 unde

363 2586 809 2700 „eritdy--z'tlsdt‘
842 2597 890 2682 ’4-
919 2588 1434 2698 amdvdz-m⁸dz²);
1466 2588 1508 2672 in
1546 2590 1652 2690 hac,
1716 2619 1763 2677 ro

362 2705 457 2803 „ds
479 2697 717 2788 substituatur
734 2705 815 2812 ejus
827 2707 938 2790 valor
956 2735 1025 2818 per
1038 2739 1090 2804 v,
1104 2707 1192 2804 dv,
1213 2709 1253 2789 δε
1266 2701 1537 2790 determinatas
1550 2619 1761 2819 expressus:

363 2881 393 2922 „
408 2823 450 2904 δι
478 2849 550 2933 pro
578 2826 639 2905 dz
676 2817 877 2906 assumatur
906 2823 995 2909 talis
1022 2823 1135 2908 valor
1165 2851 1214 2906 ex
1252 2854 1305 2920 v,
1336 2824 1401 2904 dv
1428 2828 1470 2905 &
1501 2822 1766 2910 determinatis

363 2998 392 3038 „
408 2937 666 3050 compostus,
706 2962 748 3023 ut
795 2939 947 3026 valores
977 2941 1238 3052 quantitatum
1259 2941 1344 3036 dx,
1373 2942 1427 3054 dy
1457 2937 1530 3022 sint
1557 2933 1766 3026 summabi-

361 3115 391 3156 „
404 3055 489 3255 lesi?
533 3050 584 3142 Et
614 3054 663 3140 stc
691 3054 882 3140 habentur
914 3088 943 3140 x
975 3083 1020 3141 ac
1055 3089 1103 3171 y,
1146 3053 1382 3141 coordinata
1422 3083 1546 3140 curva
1583 3053 1761 3172 quasrtae.

361 3175 538 3378 QNihil
564 3311 733 3402 unquam
762 3283 933 3400 expediri
964 3283 1144 3402 pontisset
1159 3289 1335 3378 brevius,
1358 3314 1441 3371 non
1470 3313 1599 3402 nego:
1629 3281 1696 3373 sed
1719 3293 1760 3374 δι

363 3401 440 3519 ipsa
467 3409 585 3491 nimia
616 3407 785 3492 brevitas
810 3407 864 3494 est
893 3401 1069 3520 suspecta.
1128 3402 1289 3494 Revera
1320 3407 1424 3492 enim
1455 3409 1577 3520 quis,
1608 3400 1760 3518 quaso,

361 3529 429 3609 ves
459 3525 598 3623 leviter
625 3524 860 3624 attendens,
891 3552 972 3609 non
1005 3523 1147 3612 viderit
1178 3526 1302 3608 statim
1337 3524 1521 3636 postulari
1546 3525 1684 3636 gratis,
1715 3524 1764 3619 ἀ

328 3667 422 3754 .pro
462 3643 522 3726 dz
549 3640 746 3750 affirmatur
780 3646 868 3726 talis
901 3647 1007 3725 valor
1037 3672 1084 3724 ex
1114 3673 1173 3732 v,
1207 3640 1273 3724 dv
1302 3639 1348 3734 (r
1386 3644 1633 3724 determinatis
1649 3665 1758 3727 ,cotn-

353 3760 507 3872 poſsttts,
539 3785 582 3842 ttr
603 3765 744 3844 valarts
761 3769 1008 3872 quantitatum
1027 3760 1110 3857 dx,
1132 3757 1193 3872 dy
1201 3757 1278 3866 fint
1290 3757 1554 3864 sttmmabilts?
1584 3752 1756 3842 Postula·

361 3901 445 3960 tum
475 3877 553 3960 hoc
583 3905 664 3960 non
693 3880 817 3964 minus
841 3875 995 3962 difficile
1033 3874 1188 3961 videtur
1215 3903 1330 3989 quam
1360 3869 1481 3985 ipsum
1516 3868 1756 3962 Problema;

362 3996 474 4092 imo,
506 3993 532 4077 st
561 3994 659 4078 illud
690 3995 826 4082 dixero
857 3993 1068 4094 difficilius,
1100 4021 1183 4078 non
1212 3991 1314 4076 adeo
1344 4017 1368 4072 a
1396 3992 1559 4075 veritate
1588 3990 1759 4075 alienum

362 4109 523 4196 dixero:
565 4107 782 4224 superaddit
825 4114 929 4194 enim
960 4115 1077 4197 tacite
1107 4107 1345 4196 Problemati
1379 4107 1645 4192 conditionem
1687 4108 1758 4203 ali-

360 4257 477 4345 quam
499 4243 633 4341 prater
651 4225 929 4326 necessitatem,
949 4240 1045 4340 'qua
1065 4228 1144 4311 hac
1161 4228 1215 4310 est
1234 4287 1247 4325 ,
1279 4226 1391 4340 quod
1407 4253 1488 4310 non
1506 4250 1656 4309 tantum
1675 4252 1758 4314 cur·

359 4377 442 4447 va,
474 4341 616 4430 seilicet
644 4370 769 4431 totam
799 4345 898 4443 toti,
930 4339 1136 4432 sedetiam
1159 4367 1286 4456 partes
1307 4344 1479 4457 partibus
1503 4343 1667 4454 aquales
1687 4337 1757 4426 fie-

361 4465 394 4548 ri
423 4464 657 4571 jubeantura
692 4491 776 4578 qua
807 4486 937 4546 tamen
966 4463 1155 4576 posterior
1186 4461 1362 4546 conditio
1403 4487 1486 4545 non
1524 4461 1687 4569 exigitur
1716 4456 1758 4540 in

361 4577 635 4669 Problemate:
667 4578 798 4667 sufficit
827 4608 993 4692 namque
1026 4578 1208 4664 exhibere
1238 4605 1394 4664 curvam
1424 4575 1521 4662 data
1546 4574 1756 4687 aqualem,
1922 4617 1927 4624 ,

361 4700 454 4784 licet
482 4727 607 4814 partes
637 4701 801 4815 aquales
831 4701 871 4783 in
902 4699 976 4782 illis
1006 4695 1251 4783 determinari
1293 4723 1374 4780 non
1404 4691 1553 4806 possint.
1614 4686 1757 4777 Exem-

308 4807 311 4816 ’
361 4807 425 4929 pla
458 4821 636 4918 interim,
662 4846 751 4934 qua
782 4813 858 4902 Vir
887 4811 1123 4902 Claritiimus
1153 4813 1333 4912 adducit,
1366 4817 1524 4925 &qua
1563 4835 1613 4897 an
1654 4808 1758 4894 teste

360 4929 483 5021 soluta
512 4939 727 5021 examinate
761 4933 935 5019 nondum
964 4933 1118 5016 vaeavit
1130 4993 1143 5032 ,
1174 4959 1255 5014 non
1284 4930 1406 5045 magis
1430 4927 1611 5127 probant
1639 4951 1757 5038 gene-

419 5055 523 5154 Joan.
539 5051 718 5139 Bernartllt'
732 5049 853 5172 Opera
865 5061 985 5136 omnia
1005 5044 1140 5146 Tum.
1164 5042 1197 5132 l.
1381 5042 1411 5130 F
1461 5043 1486 5130 f
1638 5042 1756 5124 talem
