5500 6884
534 899 671 1014 ,rr
722 893 1507 1018 permanere-rann
1705 933 1758 1028 3>

366 1083 426 1168 tls
440 1076 606 1192 excelsus
620 1075 799 1192 specificae
826 1081 1020 1192 gravitatis
1035 1079 1146 1160 unius
1173 1071 1376 1188 fragmenti
1403 1073 1448 1162 lit
1460 1082 1610 1181 minor,
1633 1108 1756 1198 quarn·

366 1225 409 1288 nt
436 1199 546 1313 polite
571 1192 741 1309 superare
768 1195 1012 1292 resistentiam
1038 1193 1250 1290 nitrionis,
1284 1193 1348 1276 vel
1365 1195 1577 1296 villorum,
1617 1200 1759 1312 quibus

364 1316 557 1430 particulae
584 1338 720 1404 mutuo
747 1311 988 1424 implicantur
1010 1347 1021 1394 ¹:
1040 1311 1121 1409 stc,
1153 1309 1208 1395 ob
1236 1309 1402 1396 eandem
1423 1317 1639 1427 rationem,
1672 1341 1757 1428 gra-

364 1435 455 1520 nula
473 1431 682 1544 plumbea,
713 1433 754 1514 ln
773 1459 914 1518 acervo
922 1429 1022 1512 milri
1031 1421 1216 1538 dispersa,
1247 1453 1328 1510 non
1341 1420 1595 1531 subfiderent,
1620 1459 1757 1548 quam·

364 1553 423 1634 vis
449 1548 600 1662 plumbi
622 1543 796 1660 specifica
815 1549 980 1662 gravitas
1003 1545 1129 1642 multo
1155 1545 1278 1652 maj'o'r
1304 1542 1349 1629 fit
1374 1573 1491 1658 quam
1515 1548 1636 1639 miliir
1675 1545 1755 1637 sca·

365 1667 495 1762 brities
522 1667 626 1748 enirn
652 1667 840 1777 partium,
865 1663 1005 1777 quibus
1028 1689 1144 1776 grana
1163 1655 1200 1748 se
1223 1683 1361 1750 mutuo
1388 1666 1638 1778 contingunt,
1666 1668 1754 1756 lon-

364 1812 414 1898 ge
435 1785 559 1890 major
579 1783 655 1878 est,
686 1807 803 1894 quam
827 1805 870 1872 ut
892 1777 1084 1892 superenne
1106 1779 1156 1862 ab
1183 1775 1331 1879 excelsu
1353 1783 1550 1892 gravitatis
1574 1818 1584 1866 :
1604 1782 1653 1878 fic
1666 1813 1752 1897 para.

365 1901 487 1984 ticulae
511 1903 627 1984 ae'reae
647 1895 922 1997 minutiffima,
946 1892 1030 1980 solo
1056 1897 1261 1993 contestu,
1287 1888 1355 1980 sub
1378 1923 1480 2010 aqua
1499 1897 1719 1993 detinentur
1739 1937 1752 1998 ε,

361 2015 412 2101 fic
436 2039 571 2120 contra
593 2041 871 2128 nonnunquam
895 2011 1027 2124 ‚exiles-
1041 2010 1198 2124 guttulae
1227 2038 1360 2122 aqueae
1382 2015 1422 2096 in
1460 2023 1549 2106 aere
1584 2010 1752 2146 dispersa

359 2127 470 2231 unt,
499 2159 582 2244 quae
604 2157 684 2212 non
710 2129 919 2220 deciduntc
941 2129 1046 2225 unde
1068 2133 1197 2224 aeirem
1209 2125 1412 2212 humidum
1436 2127 1510 2219 else
1549 2125 1712 2224 dicimus
1737 2172 1749 2240 p

359 2249 411 2338 fic
433 2249 667 2346 mercurius,
699 2253 740 2332 &
775 2247 848 2344 alia
879 2245 1060 2346 metalla,
1105 2269 1128 2336 a
1163 2242 1379 2356 liquoribus
1411 2248 1613 2349 corrofivia
1646 2249 1751 2345 adeo,

359 2367 539 2456 minutim
563 2359 838 2464 dissolvuntur,
870 2388 935 2463 ut,
990 2363 1059 2447 etst
1075 2361 1201 2446 multo
1231 2363 1408 2470 grauiam
1443 2363 1514 2448 srnt
1546 2393 1664 2478 quarn
1702 2369 1751 2455 lis

359 2509 525 2596 quotes,
545 2481 697 2592 penitus
717 2485 955 2570 tamencum
977 2481 1050 2576 illis
1073 2471 1323 2576 misceantur,
1351 2477 1455 2574 adeo
1478 2503 1522 2566 ut
1551 2507 1602 2584 ne
1633 2487 1750 2571 vallia

356 2600 466 2714 glum
489 2595 649 2710 quidem
675 2597 821 2680 metalli
840 2621 1019 2711 appareat
1045 2629 1055 2680 a
1078 2591 1133 2678 ste
1151 2591 1331 2686 videmus
1371 2595 1472 2687 duos
1500 2586 1672 2691 diversos
1701 2599 1753 2686 lia

355 2733 524 2830 quotes,
548 2709 784 2798 etiamsinon
806 2712 876 2798 fine
885 2707 1055 2822 ejusdem
1065 2711 1229 2796 omnino
1245 2701 1425 2820 specificae
1442 2715 1665 2830 gravitatis,
1688 2720 1750 2801 in-.

354 2833 484 2926 vicem
510 2824 654 2914 misceri
673 2825 808 2941 polle:
834 2851 1003 2943 quorum
1028 2829 1205 2924 omnium
1231 2825 1369 2913 eadem
1398 2820 1602 2931 estcausa,
1630 2848 1752 2945 quam

354 2949 458 3062 prius
479 2945 680 3058 assignavi,
704 2975 795 3044 cur,
819 2949 905 3055 post
930 2947 1076 3064 aliquas
1107 2935 1437 3068 effervescentia,
1466 2947 1614 3046 nullum
1648 2944 1754 3050 sedi-,¹

353 3087 531 3163 menam
552 3060 603 3156 aa
623 3057 786 3158 [indutu
806 3082 902 3156 ruet·

707 3379 789 3434 ‚¹
932 3283 1200 3391 ¹>rictu
1418 3312 1421 3320 ·

370 3509 384 3575 ·“
412 3529 606 3622 Nanu'am
627 3529 759 3644 itaque
772 3527 1107 3640 praecipitationis,
1139 3553 1224 3638 quae
1247 3525 1539 3620 effervescentia
1565 3527 1744 3647 superte«

352 3653 439 3749 nit,
463 3647 559 3762 quid
580 3675 720 3758 nempe
747 3645 815 3743 stt,
840 3649 879 3728 &
903 3646 943 3726 in
965 3672 1048 3757 quo
1075 3642 1277 3744 consrstat,
1301 3673 1350 3740 ex
1373 3649 1578 3760 hypothesi
1594 3652 1745 3740 measa.

352 3769 403 3856 tls
427 3795 490 3850 me
514 3759 714 3876 explicasse
738 3759 923 3872 confidoe
953 3768 993 3846 &
1020 3761 1047 3846 sr
1070 3762 1203 3852 liceret
1226 3760 1364 3853 falcem
1393 3768 1432 3846 in
1456 3767 1622 3861 alienam
1648 3759 1758 3858 mes-J

353 3879 432 3969 sem
458 3883 692 3982 immittere,
715 3879 791 3964 fine
816 3879 896 3962 ullo
920 3877 999 3966 sere
1018 3879 1153 3970 labore
1172 3874 1363 3989 possemus
1384 3876 1447 3972 hle
1467 3877 1628 3975 inserere
1653 3873 1758 3977 cau..⁸

354 3995 747 4112 sampraecipitationis
760 3997 886 4098 illius,
909 4025 1015 4110 que,
1046 3997 1122 4082 fine
1147 3991 1456 4098 effervescentia,
1482 4029 1531 4085 ex
1554 3995 1633 4088 sola
1656 3999 1758 4117 per,⁴

353 4119 542 4204 mixtione
566 4115 732 4199 duorum
753 4117 948 4227 liquorum
973 4109 1187 4228 peragiture
1219 4112 1439 4214 attendatur
1470 4122 1575 4219 enim
1597 4119 1648 4208 ad
1674 4151 1742 4208 ex-

354 4237 607 4348 perimentum
627 4233 750 4317 modo
770 4233 926 4324 allatum
938 4263 949 4322 3
979 4229 1046 4324 ubi
1067 4233 1190 4316 statim
1214 4256 1395 4346 apparet,
1421 4233 1448 4318 fi
1470 4265 1578 4348 aquae
1599 4240 1639 4321 in
1658 4231 1741 4324 vas.

354 4353 443 4436 culo
466 4345 781 4450 ABcontentae,
802 4355 842 4432 &
864 4350 903 4434 in
919 4375 994 4461 qua
1007 4349 1173 4460 ampulla
1192 4344 1239 4444 D
1261 4349 1499 4464 aequilibrata
1512 4356 1565 4440 eu
1589 4355 1758 4452 demer·'

351 4465 411 4568 sa,
434 4466 649 4552 effundatur
670 4469 766 4559 aliut¹
784 4467 912 4578 liquor
925 4494 1026 4578 aqua
1039 4459 1211 4578 specifice
1231 4467 1379 4567 levior,
1406 4470 1512 4561 itaut
1525 4499 1625 4584 aqua
1638 4478 1677 4554 δε
1693 4472 1742 4554 li·

350 4613 454 4698 quor
480 4585 646 4667 invicem
682 4577 935 4676 misceantur;
971 4605 1153 4694 apparet,
1195 4583 1375 4696 inquam,
1414 4589 1621 4702 ampullam
1655 4582 1739 4689 D,

348 4701 439 4794 serti
471 4699 521 4782 ad
541 4697 703 4784 fimdum
717 4729 797 4784 non
811 4725 940 4786 tamen
958 4696 1101 4812 fiangir
1117 4703 1224 4810 cujus
1237 4702 1335 4788 ratio
1350 4704 1424 4786 alla
1442 4733 1523 4787 non
1546 4706 1741 4816 est,quam

349 4816 488 4930 quod,
513 4843 590 4928 ope
612 4815 803 4900 affitsronis
823 4818 919 4902 novi
937 4817 1122 4928 liquoris,
1147 4844 1248 4931 aqua
1256 4818 1384 4908 levior
1396 4819 1577 4904 reddatur
1588 4881 1602 4921 ,
1627 4821 1740 4909 ideo„

349 4961 429 5044 que
452 4933 619 5046 ampulla
641 4929 711 5032 D,
738 4961 822 5047 quae
849 4957 962 5020 antea
986 4927 1154 5042 ejusdem
1175 4938 1372 5048 gravitatis
1397 4961 1606 5050 eratatque
1624 4965 1738 5052 aqua,

348 5075 452 5155 nunc
478 5047 618 5166 eadent
645 5051 799 5174 gratim
819 5047 981 5149 evadam
1008 5049 1175 5176 proinde
1199 5058 1257 5168 uti
1278 5081 1330 5166 ex
1358 5046 1648 5178 detostaticis
1672 5080 1740 5164 pa.

370 5185 379 5206 ’
470 5216 475 5224 ·
510 5219 516 5224 ·
606 5206 615 5224 “
646 5257 649 5262 Δ
1652 5189 1735 5278 {etp
