5500 6884
956 784 1014 872 2'4
1084 745 1248 898 Nil(
1288 759 1394 852 DE
1433 741 2208 852 -EF'F'ER'VESC'ENTM

943 953 1022 1013 aut
1044 921 1175 1009 saltem
1197 915 1319 1012 vitam
1337 929 1481 1012 diutius
1511 925 1788 1039 protraxilsttr-
1812 924 1915 1013 adeo
1944 950 1991 1010 ut
2028 924 2120 1012 in'tle
2156 927 2343 1044 colligere

952 1047 1089 1142 liceat,
1119 1055 1270 1143 aerem,
1301 1040 1462 1156 perse,
1493 1045 1762 1129 animalculum
1797 1073 1878 1129 non
1900 1041 2149 1146 interfecisse,
2178 1041 2339 1132 sedtan-

953 1158 1159 1246 tummodo
1185 1188 1254 1270 per
1274 1161 1480 1260 accidens,
1510 1183 1700 1274 quatenus
1718 1187 1862 1274 nempe
1880 1159 2046 1272 copiosis
2068 1163 2263 1274 particulis
2280 1163 2340 1252 di·

932 1277 1050 1362 -verli
1067 1278 1243 1389 generis,
1273 1283 1315 1362 δι
1340 1277 1392 1362 ad
1411 1279 1532 1364 viram
1556 1273 1857 1364 conservandam
1872 1279 2020 1392 ineptis
2027 1337 2042 1379 ‚
2073 1273 2226 1370 scateat.
2313 1339 2317 1349 r

1541 1504 1750 1601 xv11.
1876 1563 1881 1576 -

1011 1734 1163 1825 Verum
1191 1765 1236 1825 ut
1261 1740 1398 1828 nostra
1425 1741 1481 1830 rei
1511 1745 1693 1852 cerciores
1721 1741 1863 1844 fimus,
1893 1737 2080 1828 videlicet
2102 1735 2219 1853 ipsam
2250 1735 2342 1828 sub-¹

953 1857 1126 1944 danuam
1148 1856 1300 1970 globuli
1327 1861 1368 1942 in
1398 1870 1526 1946 a‘e‘rem
1548 1863 1599 1946 ab
1624 1864 1712 1946 aliu
1735 1888 1816 1944 non
1842 1881 2118 1943 commutatam
2142 1856 2243 1958 else,
2274 1853 2344 1946 scd

954 1986 1085 2060 a’e'rem
1099 1994 1243 2059 'revera
1259 1977 1338 2081 jam
1355 1977 1397 2057 in
1420 1977 1582 2088 globulo
1602 1972 1861 2088 praeextitilse,
1892 1973 2063 2088 ideoque
2084 2001 2165 2057 non
2188 1975 2239 2082 de
2265 2003 2341 2058 no-

775 2094 778 2100 ’
954 2119 1012 2174 vo
1034 2113 1280 2202 generatum,
1309 2092 1451 2175 institui
1469 2095 1595 2204 potest
1619 2087 1779 2204 sequens
1800 2092 2117 2203 experimentum.
2172 2087 2341 2177 Globuli

956 2209 1136 2292 terrestris
1148 2207 1250 2293 benc
1271 2208 1434 2294 exiccati
1464 2207 1638 2318 pondus,
1659 2233 1749 2294 ante
1774 2200 2118 2304 effervescentiam‚
2141 2199 2342 2292 accuratis-

953 2321 1046 2409 sime
1064 2322 1116 2408 ad
1131 2323 1281 2410 lancem
1293 2325 1554 2413 examinetur
1581 2323 1745 2423 deinde,
1770 2325 1855 2434 post
1874 2316 2222 2421 effervescentiam,
2251 2347 2340 2405 curn

955 2465 1093 2524 omnes
1127 2440 1319 2552 particula
1346 2437 1498 2554 globuli
1526 2437 1577 2523 ad
1610 2437 1772 2524 sttndum
1793 2432 2053 2538 subsederint,
2085 2461 2170 2522 tota
2189 2436 2341 2549 globuli

955 2552 1090 2653 massa,
1125 2581 1210 2668 quae
1230 2583 1332 2640 nturc
1354 2551 1533 2640 dissoluta
1553 2559 1676 2664 jacet,
1706 2549 1867 2639 sollicite
1895 2581 1944 2636 ex
1967 2555 2119 2666 liquore
2137 2547 2342 2665 recolliga-

955 2691 1052 2768 tur,
1086 2674 1126 2753 δι
1150 2672 1222 2779 (ut
1241 2667 1371 2783 prius)
1404 2671 1507 2756 bene
1539 2675 1761 2768 exiccetur,
1784 2666 1942 2754 tandem
1962 2670 2139 2754 exiccatae
2174 2671 2342 2754 materia

957 2781 1110 2897 pondus
1140 2786 1278 2870 itemm
1312 2813 1390 2896 ope
1412 2785 1572 2870 bilancis
1595 2787 1826 2898 inquiraturt
1859 2785 1936 2868 hoc
1957 2783 2086 2884 sado,
2119 2781 2343 2872 videbimus

956 2895 1197 2986 substantiam
1230 2901 1383 3016 globuli
1408 2899 1504 2984 nihil
1536 2901 1718 3014 ponderis
1749 2896 1989 3012 perdidisse,
2021 2899 2088 2984 vel
2113 2893 2244 2986 bitem
2272 2901 2343 2988 vix

957 3017 1199 3102 centesrmam
1221 3039 1391 3129 partem,
1423 3015 1534 3129 quod
1556 3011 1704 3114 forsan,
1735 3013 1898 3102 durante
1915 3010 2222 3119 effervescentia,
2252 3043 2343 3106 cum

796 3166 802 3174 ·
935 3144 1046 3218 *aere
1067 3133 1282 3218 exhalavit:
1313 3159 1354 3218 at
1375 3126 1583 3216 secundum
1602 3125 1661 3216 D.
1687 3125 2036 3230 MAJOWIUM
2068 3134 2189 3246 longe
2216 3137 2343 3242 majo·

959 3278 1042 3334 rem
1066 3275 1213 3362 partem
1233 3247 1415 3362 ponderis
1445 3249 1621 3333 amittere
1644 3244 1854 3356 debuissett
1886 3243 2073 3355 liquidem
2091 3273 2139 3332 err
2166 3251 2248 3356 ejtu
2266 3249 2344 3360 hy·

959 3364 1109 3478 pothesi
1133 3360 1323 3478 sequimur,
1353 3389 1478 3449 totam
1504 3366 1649 3448 molem
1677 3371 1854 3458 aeream,
1892 3359 1980 3444 tubi
2009 3353 2221 3472 supremam
2254 3389 2343 3475 par-

958 3504 1041 3566 tem
1058 3507 1335 3593 occupantem,
1365 3511 1414 3567 ex
1433 3477 1633 3564 substantia
1654 3475 1805 3590 globuli
1831 3471 1937 3561 uiue
1969 3471 2232 3592 absumptamt
2273 3475 2344 3564 sud

958 3624 1037 3712 que
1059 3598 1212 3710 pondus
1235 3601 1316 3706 ejus
1336 3597 1559 3684 notabiliter
1593 3593 1677 3679 fore
1704 3591 1956 3692 diminutum,
1987 3590 2098 3708 quod
2115 3617 2246 3681 tamen
2287 3593 2344 3682 cst

959 3740 1095 3798 contra
1116 3717 1402 3826 experientiam.
1463 3707 1614 3798 Obiter
1634 3707 1697 3794 hic
1716 3709 1832 3794 liceat
1865 3709 2103 3821 perpendere
2135 3705 2230 3798 Cel.
2264 3707 2340 3796 Al·

951 3831 1079 3943 phonst
1095 3827 1173 3918 Bo
1185 3853 1352 3920 Rutu
1371 3829 1600 3943 opinionem
1619 3819 2050 3912 circaeffervescentiam
2077 3855 2162 3940 qua
2181 3835 2204 3923 †
2225 3829 2342 3912 etiam

959 3949 1224 4056 experimento
1243 3944 1351 4060 supra
1382 3949 1500 4031 allato
1546 3970 1627 4027 non
1662 3940 1875 4027 admodum
1910 3943 2112 4055 congruitr
2152 3943 2342 4030 existimat

959 4062 1323 4178 enimincongrelsu
1335 4061 1437 4148 acidi
1455 4065 1493 4146 &
1508 4059 1640 4159 alcali,
1671 4085 1760 4142 cum
1781 4059 1960 4168 ebullitio
1987 4059 2198 4159 excitauit,
2228 4057 2343 4171 ipsius

957 4177 1059 4264 acidi
1081 4181 1146 4264 vel
1165 4182 1276 4266 alcali
1299 4179 1501 4294 particulas
1521 4177 1680 4263 celerius
1703 4175 1876 4276 moveri,
1907 4179 1949 4258 dc
1976 4173 2017 4258 in
2044 4199 2181 4287 gyrum
2214 4197 2342 4262 motas

945 4290 1202 4382 'ascendentes
1223 4299 1290 4382 bas
1311 4297 1476 4383 bullulas
1494 4292 1682 4390 formare,
1705 4294 1910 4402 particula,
1942 4291 2069 4404 inquit
2090 4287 2338 4398 mobihffima,

944 4413 1110 4524 phariae
1121 4413 1167 4523 se
1184 4418 1392 4507 dilatando,
1424 4413 1593 4522 ampullat
1616 4405 1829 4492 balatarum
1850 4403 2058 4518 efformem,
2097 4419 2177 4490 κου’
2197 4417 2341 4490 omnr'rro

959 4531 1083 4639 derasa
1107 4532 1155 4629 ά
1162 4537 1289 4643 plenas
1302 4594 1313 4621 ,
1327 4531 1402 4640 fid
1418 4531 1527 4615 valde
1548 4555 1674 4616 raras,
1697 4549 1818 4636 nempe
1839 4523 2088 4609 vacuitatibus
2098 4506 2338 4634 grandiuscu-

962 4647 1006 4726 lir
1024 4655 1245 4760 imarceprrfrr
1276 4641 1462 4764 Undeft,
1481 4671 1524 4730 nt
1534 4645 1651 4756 facilc
1670 4645 1881 4733 concrum,
1910 4643 1957 4738 ό·
1978 4645 2032 4726 ad
2048 4643 2241 4754 pristinum
2254 4645 2339 4753 spe·

944 4923 951 4936 '
1041 4939 1053 4964 ·
2028 4936 2044 4981 a
2244 4967 2250 4982 .

999 5151 1022 5225 †
1047 5155 1114 5220 Via
1131 5157 1206 5226 Hln
1239 5153 1279 5222 dr
1293 5153 1379 5222 mou
1394 5153 1574 5226 Admdium
1588 5159 1668 5225 Pare.
1685 5157 1729 5227 u.
1751 5157 1833 5240 hup.
1854 5167 1903 5234 29.
