5500 6884
899 883 983 983 rm
1002 878 1085 976 Nn
1100 873 1308 1006 ‚moun
1327 874 1884 973 nuonnmrnommt
1906 876 2249 978 rnororrrro.
2289 894 2291 899 *

897 1050 1262 1167 possunt,'eligstur
1290 1051 1388 1150 illa,
1416 1054 1524 1159 Juxta
1553 1076 1700 1163 quam,
1731 1050 1758 1134 sr
1786 1054 2005 1136 incurvetur
2034 1053 2174 1137 lamina
2204 1052 2289 1137 tubi

899 1165 1087 1255 canalisue
1105 1169 1273 1254 sormam
1302 1168 1470 1268 habens,
1496 1192 1540 1251 ut
1563 1166 1630 1279 ipst
1658 1168 1855 1281 impofitus
1876 1168 2079 1281 globulus,
2102 1175 2142 1253 δι
2167 1170 2288 1252 libere
2432 1168 2436 1175 ’

899 1284 1091 1386 dimissus,
1121 1290 1194 1371 iter
1218 1282 1326 1372 suum
1347 1286 1397 1370 ab
1427 1314 1507 1371 uno
1531 1288 1674 1398 pundo
1701 1284 1751 1369 ad
1777 1287 1939 1370 alterum
1962 1287 2163 1371 emetiatur
2190 1311 2288 1370 tern-

898 1431 997 1517 pore
1022 1404 1254 1490 brevilstmo.
1611 1418 1614 1423 ’
2072 1504 2075 1510 ‚

956 1518 1022 1609 Ut
1047 1550 1145 1605 vero
1173 1549 1331 1607 omnem
1353 1522 1610 1635 ambiguitatis
1637 1514 1762 1605 ansam
1791 1515 2091 1633 precaveamus'a
2115 1515 2213 1627 scire
2239 1518 2289 1605 B.

898 1635 946 1724 L.
975 1640 1191 1739 volumus,
1224 1670 1297 1726 nos
1325 1636 1390 1725 hic
1421 1638 1622 1726 admittere
1653 1635 1915 1727 GAHLAEI
1943 1636 2202 1749 hypothesin,
2236 1636 2289 1721 de

899 1759 1006 1862 cujus
1042 1759 1244 1859 veritate,
1282 1753 1443 1870 seposita
1486 1756 1724 1857 resistentia,
1764 1760 1840 1867 jam
1871 1783 1988 1843 nemo
2018 1754 2073 1837 est
2101 1748 2289 1841 saniorum

899 1869 1198 1959 Geometrarum
1219 1880 1288 1989 qui
1309 1876 1506 1987 ambigat,
1534 1874 1745 1959 Velocirares
1756 1875 1897 1981 scilicet
1918 1870 2104 1985 acquiſsraes
2108 1876 2287 1983 gravium

897 1994 1101 2074 cadentium
1137 1990 1203 2100 effe
1242 2004 1282 2075 in
1299 1992 1555 2103 subduplicatae
1591 2001 1727 2074 aarum
1761 1994 1994 2075 altitudinum
2033 1990 2283 2093 emerss'arums

897 2135 1117 2222 quanquam
1154 2110 1251 2194 ¹alias
1293 2111 1420 2195 nostra
1462 2104 1639 2195 solvendi
1688 2108 1896 2195 methodus
1931 2098 2189 2197 tutiverfaliter
2236 2104 2318 2214 ad,

897 2228 1073 2338 quamvis
1101 2228 1216 2310 aliam
1244 2227 1474 2340 hypothesin
1504 2222 1579 2311 sese
1609 2225 1807 2311 extendat.
1901 2318 1904 2325 ,

955 2338 1064 2425 Ctun
1103 2344 1234 2456 itaque
1275 2346 1373 2430 nihil
1410 2338 1649 2429 obscuritatis
1685 2338 1873 2456 supersrtr
1917 2344 2063 2430 obnixe
2107 2368 2285 2454 rogamus

892 2486 1032 2543 omues
1044 2519 1058 2560 ,
1089 2466 1130 2542 δε
1160 2459 1325 2575 fingulos
1356 2462 1468 2571 hujus
1497 2464 1571 2547 aevi
1601 2457 1856 2561 Geometras,
1880 2464 2079 2576 accingant
2095 2453 2132 2543 se
2154 2486 2281 2571 prorn-

893 2598 971 2675 re,
1010 2599 1161 2674 tentent
1190 2637 1205 2677 ,
1236 2572 1436 2663 disuuiant
1465 2578 1651 2693 quicquid
1679 2580 1720 2662 in
1751 2602 1925 2663 extremo
1955 2574 2107 2677 suarum¹
2131 2576 2285 2659 methu-

893 2690 1034 2775 dorum
1071 2689 1212 2779 recessu
1251 2691 1517 2781 absconditum
1557 2720 1702 2788 tenent.
1763 2690 1908 2808 Rapiat
1937 2698 2005 2810 qui
2034 2694 2160 2806 potest
2189 2722 2282 2803 pra-

893 2810 1036 2921 mium,
1068 2809 1179 2923 quod
1207 2809 1379 2906 Solutori
1394 2850 1396 2857 ’
1409 2812 1643 2926 parabimuss
1677 2840 1758 2897 non
1785 2812 1947 2927 'quidem
1971 2815 2090 2909 auri,
2121 2836 2202 2892 non
2226 2836 2300 2891 ar-·

889 2928 998 3037 genti
1027 2921 1232 3028 summam,
1264 2958 1346 3044 quo
1376 2930 1524 3039 abjesta
1555 2956 1703 3014 tantum
1734 2937 1773 3011 δι
1805 2932 2035 3013 mercenaria
2060 2924 2283 3009 conducun-

889 3063 952 3123 tur
980 3044 1173 3153 ingenia,
1203 3069 1227 3127 a
1256 3046 1397 3159 quibus
1426 3072 1470 3131 ut
1508 3047 1603 3130 nihil
1644 3046 1869 3151 laudabile,
1910 3042 1959 3128 fi'c
1993 3084 1995 3089 ¹
2027 3043 2129 3142 hil,
2174 3068 2253 3156 quo

888 3149 1053 3241 scientiis
1082 3155 1335 3263 fiuuuosum,
1366 3166 1634 3275 expectamuse
1670 3156 1735 3250 sed
1765 3158 1853 3245 curn
1879 3163 2002 3245 virtus
2033 3159 2101 3244 srbi
2143 3158 2210 3270 ipfi
2238 3157 2311 3241 stt·

889 3298 1035 3359 merces
1064 3276 1352 3386 pulcherrima,
1394 3304 1511 3393 atque
1552 3282 1674 3393 gloria
1704 3272 1928 3371 immensum
1959 3279 2099 3362 habeat
2129 3275 2279 3373 calcar,

881 3386 1085 3474 offerimus
1110 3387 1333 3503 praemiu'm,
1365 3396 1480 3505 quale
1501 3396 1695 3477 convenit
1724 3396 1880 3505 ingenui
1919 3390 2106 3509 sanguinis
2143 3388 2279 3491 Viro,

890 3500 1107 3591 consertum
1135 3534 1184 3591 ex
1214 3509 1392 3607 honore,
1423 3510 1537 3595 laude
1562 3570 1574 3611 ,
1606 3516 1647 3593 δι
1676 3506 1835 3620 plausus
1868 3510 2009 3622 quibus
2038 3512 2164 3623 magni
2194 3502 2280 3591 nos-

881 3624 938 3705 tri
966 3617 1166 3737 Apollinis
1196 3618 1545 3737 perspicacitatem,
1577 3626 1732 3739 publice
1763 3633 1804 3711 δι
1832 3630 2039 3741 privatim,
2068 3624 2225 3740 scriptis·
2238 3630 2278 3709 δι
2309 3622 2322 3671 ³

801 3740 804 3744 ’
882 3736 999 3823 ‘diuis
1028 3740 1322 3843 coronabimus,
1354 3744 1723 3843 condecorabimus,
1753 3745 2116 3831 &celebrabimus
2196 3846 2198 3851 ἢ

948 3853 1080 3968 Quod
1109 3857 1137 3942 fi
1165 3887 1262 3943 xero
1291 3855 1427 3947 festum
1455 3854 1643 3947 Paschatis
1673 3863 1925 3973 preterieris,
1957 3865 2111 3949 nemine
2141 3863 2276 3975 depre-

879 3969 1043 4074 henso,
1073 3976 1141 4087 qui
1170 3975 1366 4088 quaesitum
1397 3980 1566 4063 nostrum
1595 3974 1783 4069 solveritr
1817 4008 1889 4064 nos
1920 4010 2003 4093 quae
2033 3980 2100 4095 ipst
2129 3985 2275 4065 inveni-

887 4118 973 4175 mus
1000 4092 1161 4203 publico
1186 4121 1275 4178 non
1313 4096 1609 4201 isnidebimus:
1646 4090 1961 4209 lncomparabilis
1987 4102 2093 4184 enim
2126 4096 2285 4185 Lm·-

885 4226 1087 4296 sunu-s
1117 4204 1328 4297 soutiones
1356 4236 1439 4299 tum
1469 4208 1593 4315 suam,
1625 4236 1708 4299 turn
1731 4216 1918 4316 nostram,
1941 4216 2008 4327 ipfi
2026 4222 2103 4325 jam
2124 4216 2273 4331 pridem

885 4321 1146 4427 commissam,
1171 4331 1387 4439 protinus,
1417 4326 1634 4444 unspero,
1667 4334 1707 4415 in
1736 4332 1861 4419 lucem
1893 4334 2080 4427 emittet;
2123 4363 2216 4449 quas
2246 4332 2273 4419 fi

885 4438 1142 4543 Geometrae,
1181 4472 1230 4529 ex
1258 4449 1440 4561 penitiori
1471 4448 1642 4565 quodam
1667 4448 1780 4534 -fonte
1811 4454 1948 4563 petitas
1978 4447 2269 4565 perspexerint,

883 4562 979 4645 nulli
1021 4562 1273 4665 dubitamus,
1311 4565 1411 4679 ‘quin
1453 4568 1630 4680 angustos
1669 4568 1834 4680 vulgaris
1865 4566 2100 4658 Geometriae
2131 4572 2269 4655 limites

881 4674 1113 4791 agnoscant,
1144 4683 1348 4796 nostraque
1376 4686 1490 4797 proin
1520 4688 1676 4769 inventa
1705 4709 1814 4769 tanto
1833 4688 1949 4799 pluris
1967 4684 2128 4789 faciant,
2149 4716 2268 4803 quan·

881 4818 939 4884 to.
955 4798 1155 4905 pauciores
1181 4802 1364 4885 eximiam
1393 4802 1557 4887 nostram
1587 4802 1836 4917 quaestionem
1865 4800 2021 4891 soluturi
2045 4808 2267 4905 extiterint,

881 4912 999 4995 etiam
1029 4912 1128 4997 inter
1156 4917 1245 5002 illos
1273 4913 1406 5031 ipsos,
1446 4923 1514 5039 qui
1548 4948 1615 5031 per
1655 4918 1888 5031 singulares,
1928 4948 2024 5035 quas
2066 4948 2285 5035 tantopere.

870 5028 1185 5132 commendant,
1225 5034 1471 5137 methodos,
1512 5036 1701 5127 interioris
1733 5034 1968 5131 Geometriae
1990 5040 2155 5129 ¹latibula
2184 5064 2265 5119 non

2142 5169 2265 5261 solum
