5500 6884
803 783 841 863 ι,
1000 731 1645 834 ranrruoruMsc
1689 731 2166 844 MAJEsrArrs..

809 952 1041 1032 indemnitati
1069 945 1266 1047 Privilegid
1287 941 1432 1026 Nostrd
1457 943 1616 1027 Caesareo
1644 942 1848 1026 succurrere
1882 943 2151 1026 clementissrmd
2175 947 2340 1048 dignare-

810 1096 919 1160 mur,
956 1069 1037 1148 Nos
1070 1063 1243 1146 submissa
1270 1066 1404 1165 pariter
1439 1065 1476 1140 dr
1500 1085 1611 1164 aequae
1645 1086 1773 1140 eorum
1800 1063 1972 1162 petitioni
1998 1064 2233 1143 annuendum
2256 1091 2338 1144 een·

812 1186 1015 1275 fuerimus,
1055 1209 1097 1262 ac
1128 1182 1284 1282 proinde
1316 1181 1532 1258 authoritate
1567 1177 1696 1256 Nostra
1734 1177 1888 1258 Caesarea
1916 1183 2085 1258 omnibus
2117 1183 2154 1257 <ir
2190 1180 2338 1278 singulis

814 1303 1059 1404 bibliopolis,
1092 1299 1345 1399 Bibliopegis,
1369 1297 1625 1398 Typographis
1655 1299 1692 1372 &
1718 1297 1793 1374 asiis
1812 1297 2097 1400 quibuscumque
2120 1321 2197 1374 rem
2215 1296 2343 1378 Libra--

813 1426 903 1499 riam
934 1419 994 1497 seu
1022 1420 1313 1517 negotiationem
1338 1415 1589 1490 exercentibus
1618 1413 1768 1490 firmiter
1816 1415 2059 1503 inhibemus,
2095 1431 2263 1492 vetamus
2296 1441 2338 1494 ac

812 1518 1085 1622 interdicimus,
1119 1531 1168 1610 nie
1195 1535 1276 1632 quis
1306 1531 1598 1631 supranominata
1626 1524 1780 1628 joannis
1807 1523 1993 1608 Bernoulsr'
2018 1525 2144 1639 Opera
2172 1531 2235 1609 hb
2262 1531 2337 1612 hoc

814 1649 931 1732 aliove
955 1651 1085 1730 Titulo
1110 1673 1180 1726 nec
1208 1651 1246 1724 in
1267 1660 1350 1725 toto
1376 1671 1447 1724 nec
1472 1649 1511 1723 in
1532 1661 1661 1746 parte,
1692 1669 1759 1746 per
1783 1645 1927 1726 Decem
1947 1647 2137 1726 Annorum
2160 1648 2337 1749 spatium,

788 1779 794 1789 '
813 1773 857 1850 ab
878 1770 1060 1846 hodierno
1079 1767 1138 1844 die
1151 1763 1464 1866 computandum,
1493 1767 1586 1840 intra
1616 1762 1713 1840 Sacri
1732 1761 1889 1840 Romani
1907 1765 2054 1864 Imperii
2076 1767 2112 1842 dr
2137 1765 2341 1845 Ditionum

809 1887 1023 1966 Nostrarum
1045 1883 1346 1962 haereditariarum
1366 1879 1455 1956 fines
1476 1880 1673 1979 recudere,
1690 1880 1749 1958 vel
1774 1881 1851 1957 aliis
1865 1882 2068 1962 recudenda
2093 1877 2204 1980 dare,
2228 1883 2344 1962 alior-

810 2003 934 2082 rumve
955 1999 1120 2104 impressa
1145 2014 1357 2100 apportare,
1377 1996 1434 2074 vel
1451 1997 1664 2094 distrahere,
1687 2001 1774 2074 citra
1792 1997 2023 2098 prefatorum
2043 1999 2337 2102 Impetrantium,

810 2119 1069 2221 haeredumque
1090 2141 1132 2195 ac
1149 2113 1397 2194 Successorunr
1425 2113 1650 2191 voluntatem
1671 2115 1709 2190 ἃ
1734 2113 1905 2192 assensum
1929 2117 2120 2218 inscriptis
2140 2121 2338 2196 obtentum

810 2237 899 2316 ausit
916 2237 976 2312 vel
990 2235 1204 2336 praesumat
1235 2233 1272 2310 Si
1293 2235 1373 2332 quis
1398 2227 1600 2308 verbsecus
1625 2231 1793 2308 faciendo
1817 2231 2049 2331 Privilegium
2069 2234 2144 2311 hoc
2158 2233 2338 2313 Nostrum·

812 2355 874 2432 seu
903 2352 1140 2430 Interdisium»
1164 2343 1301 2427 violare
1331 2364 1640 2449 contemnereque
1658 2348 1919 2448 presumpserit
1941 2406 1959 2452 ,y
1991 2375 2074 2426 eum
2098 2375 2178 2426 non
2213 2348 2332 2428 solum

813 2471 991 2569 ejusmodi
1027 2467 1291 2569 exemplaribus
1324 2467 1533 2566 ubicunque
1566 2465 1736 2542 locorum
1768 2469 1944 2564 repertis,
1977 2491 2165 2567 perperam
2187 2469 2330 2573 quippe

814 2585 944 2665 recusit
972 2588 1031 2663 seu
1057 2587 1256 2686 apportatis
1295 2585 1400 2682 (quar
1420 2582 1531 2660 dissue
1557 2578 1719 2657 Marcus
1741 2572 1920 2658 Michael
1941 2573 2149 2689 Bousquet,
2182 2585 2337 2686 ejusque·

812 2703 914 2782 Socii
940 2701 1010 2780 srre
1036 2703 1190 2802 propria
1210 2699 1427 2776 authoritate
1447 2696 1517 2773 five
1549 2695 1776 2795 Magistratus
1804 2699 1899 2776 illius
1923 2699 1999 2776 soci
2020 2701 2157 2778 auxilio
2174 2698 2331 2778 sibivin··

812 2821 931 2898 dicare
955 2809 1158 2923 poterunt)
1183 2818 1228 2893 de
1255 2815 1349 2893 sasso
1370 2813 1612 2915 privandum,
1642 2813 1702 2890 sed
1730 2812 1934 2892 &Decem
1961 2820 2338 2918 marcarumauripu--

809 2937 973 3037 ripoeni
1000 2934 1141 3012 AErario
1169 2929 1229 3010 seu
1259 2931 1362 3010 Fisco
1393 2930 1527 3008 Nostro
1558 2929 1718 3009 Caesareo
1737 2931 1783 3006 δι’
1799 2935 1891 3032 parti
1916 2932 2002 3011 laesae
2028 2957 2075 3010 ex
2101 2957 2207 3036 aequo
2241 2957 2336 3034 peu·-

809 3049 957 3140 nenda,
992 3054 1101 3128 omni
1121 3045 1185 3149 spe
1216 3052 1329 3126 reniae
1352 3047 1526 3136 ‘sublata',
1565 3047 1811 3124 mulctandum
1838 3049 2085 3140 decernimus,
2119 3049 2334 3130 dummodd-

806 3183 914 3247 tenor
933 3162 1039 3261 huius
1068 3167 1190 3244 Nostri
1212 3165 1393 3266 Pririlrgii
1411 3167 1454 3242 in.
1477 3163 1597 3242 fronte
1618 3161 1717 3241 Libri
1736 3163 1920 3263 impressus
1946 3171 2163 3266 reperiatur,
2185 3169 2221 3243 &
2238 3193 2336 3247 cone

810 3285 905 3362 sueta
931 3287 1093 3383 quinque
1108 3279 1349 3380 -hxemplaria
1370 3279 1533 3360 Consrlio
1566 3280 1699 3359 Nostro
1716 3282 1897 3380 Imperiali
1917 3282 2047 3359 Aulico
2076 3284 2330 3363 exhibeantur..

808 3399 1026 3478 Mandamus
1050 3402 1172 3498 itaque
1208 3401 1379 3474 omnibus
1405 3397 1441 3472 &
1467 3397 1626 3496 Singulis
1661 3397 1855 3474 Nostris&
1882 3397 1978 3475 Sacri
2000 3396 2155 3476 Romani
2175 3399 2330 3500 Imperii·

805 3513 1144 3616 Dominiorrimque
1175 3514 1393 3592 Nostrorum
1424 3513 1727 3590 haereditariorum
1756 3513 1966 3592 subditis&
1998 3513 2162 3594 fidelibus
2188 3517 2331 3598 nereos

806 3649 880 3710 tarn
907 3629 1155 3710 Ecclefiasticis
1188 3631 1297 3733 quam
1324 3631 1573 3721 Secularibus,
1603 3631 1846 3732 cujuscunque
1865 3631 1992 3722 statiis,
2024 3631 2178 3732 gradus,
2205 3635 2326 3735 digni-

805 3751 887 3826 tatis
905 3763 968 3824 aut
989 3750 1127 3826 ordinis
1149 3751 1366 3838 exstiterint,
1390 3747 1582 3848 praesertim
1611 3743 1698 3825 verb
1721 3751 1792 3836 iis,
1812 3750 1876 3848 qui
1902 3752 1940 3825 in
1965 3749 2175 3849 Magistratu
2192 3753 2331 3829 consti-

804 3869 874 3944 tuti
897 3865 955 3941 vel
985 3865 1051 3942 suo
1081 3867 1140 3941 vel
1168 3865 1404 3967 Superiorum
1437 3865 1585 3941 suorum
1614 3865 1700 3943 loco
1723 3865 1786 3942 au't
1812 3870 1963 3944 nomine
2000 3871 2055 3968 jus
2081 3865 2321 3968 justitihrnque

805 3981 1073 4070 administrant,
1098 4006 1144 4058 ne
1171 3986 1386 4083 quempiam
1405 3979 1635 4081 Privil'egium
1667 3983 1740 4060 hoc
1762 3981 1940 4082 ¹Nostrum
1956 3981 2155 4062 Caesareum
2170 3985 2324 4086 impune

806 4100 963 4188 violare,
986 4099 1150 4200 spernere
1173 4116 1235 4176 aut
1250 4099 1447 4200 transgredi
1476 4101 1686 4201 patiantur,
1714 4094 1775 4176 sed
1794 4095 1821 4174 si
1843 4122 1936 4198 qnos
1960 4117 2192 4180 contumaces
2215 4126 2326 4180 corn·

802 4217 982 4318 pererint,
1004 4215 1194 4294 constituta
1225 4215 1389 4294 bNobis
1409 4216 1540 4294 multis
1567 4241 1630 4294 ens
1653 4217 1793 4318 puniri,
1830 4217 1865 4292 &
1898 4217 2171 4318 quibuscunque
2199 4220 2327 4298 modis·

803 4333 945 4410 idoneis
965 4334 1127 4412 coerceri
1149 4347 1302 4421 curent,
1330 4331 1506 4434 quatenus
1542 4323 1668 4434 &ipsi
1698 4331 1932 4432 gravissimam
1959 4331 2128 4412 Nostram
2153 4335 2319 4434 indigna·

801 4452 942 4526 tionem
968 4453 1005 4527 &
1031 4444 1235 4551 praedistam
1266 4475 1417 4552 poenam
1436 4453 1565 4528 evitare
1594 4451 1784 4528 voluerint.
1845 4445 1984 4529 Harum
2009 4449 2218 4528 testimonib
2239 4453 2325 4528 lite-

802 4589 946 4654 rarurn,
967 4566 1083 4644 Manu
1107 4566 1238 4645 Nostra
1258 4567 1531 4668 subscriptarum
1567 4567 1603 4644 de
1634 4567 1751 4667 Sigilsi
1779 4563 1900 4642 Nostri
1926 4567 2073 4646 Caesarei
2094 4565 2318 4666 appreshone

802 4684 1051 4774 munitarum,
1079 4709 1158 4787 quae
1183 4685 1359 4766 dabantur
1379 4685 1604 4766 Francosurti
1634 4685 1677 4766 ad
1692 4685 1867 4768 Moenum
1894 4681 1959 4762 die
1977 4683 2194 4764 duodecima
2216 4681 2323 4784 Junii

2205 4801 2321 4880 Anno
