5500 6884
566 752 1512 945 cnrorrrrrc'o-nrorruroa.
1679 852 1760 935 375
1809 814 1866 965 ἱ·
1953 901 1955 905 ,

370 986 427 1073 rm
454 978 671 1070 mediorum
690 966 967 1081 renuendam,
997 974 1060 1066 seu
1085 978 1332 1083 densrrarem,
1359 984 1447 1070 heic
1477 984 1650 1097 pondera
1677 988 1763 1111 sup-

370 1102 553 1221 ponenda
575 1096 659 1185 sunt
676 1100 856 1211 aqualia,
877 1100 932 1183 ob
960 1098 1124 1183 eandem
1145 1097 1263 1183 medii
1285 1102 1372 1210 post
1393 1107 1640 1192 reflexionem
1662 1110 1761 1198 resrs-

371 1224 559 1318 tentiam,
595 1244 672 1331 qua
706 1216 824 1301 ambo
861 1219 940 1325 jam
974 1210 1081 1329 supra
1112 1216 1260 1329 virgam
1292 1210 1389 1301 CD
1423 1222 1657 1324 constitura,
1689 1255 1761 1314 tra.
1778 1236 1943 1306 rmxvt

371 1340 462 1425 bere
491 1335 749 1447 intelligantur
780 1334 1010 1417 verticillum
1040 1326 1087 1417 E.
1137 1326 1299 1417 Caereris
1330 1333 1464 1446 posrtis
1503 1363 1592 1449 qua
1625 1345 1725 1452 prius
1749 1320 1934 1465 ,ἔξω

371 1478 482 1540 erunt
518 1447 684 1535 ascensus
710 1443 832 1539 Mne,
865 1456 906 1534 δι
934 1442 1128 1534 descensus
1150 1444 1233 1535 Nn
1260 1450 1358 1535 inter
1385 1444 1424 1534 se
1455 1455 1642 1565 aequales,
1670 1466 1761 1572 quia
1810 1422 1838 1479 ς’
1854 1420 1881 1479 ³'

370 1565 448 1683 ipsa
480 1567 654 1683 pondera
682 1564 730 1653 N
753 1571 793 1649 δι
817 1560 873 1653 M
900 1561 984 1649 sunt
1015 1566 1195 1678 aequalia;
1219 1565 1401 1681 adeoque
1424 1570 1542 1653 etiam
1560 1602 1612 1684 eq
1635 1601 1764 1691 aequa.

370 1689 416 1772 lis
442 1688 496 1771 est
520 1681 608 1795 Ep:
640 1706 681 1767 at
710 1683 896 1797 quoniam
931 1682 1118 1796 triangula
1153 1677 1274 1795 qu,
1305 1690 1345 1766 δι
1375 1679 1468 1796 Epe
1497 1679 1582 1770 sunt
1614 1696 1760 1777 redan·
1925 1749 1928 1756 =

370 1805 493 1917 gula,
524 1804 596 1886 erit
624 1798 784 1913 angulus
803 1826 861 1911 pe
890 1794 925 1884 E
952 1799 1107 1909 aqualis
1132 1799 1274 1911 angulo
1302 1794 1418 1911 qu3
1451 1801 1516 1884 ille
1545 1832 1642 1889 vero
1659 1806 1758 1922 peE

369 1920 513 2033 angulo
543 1910 699 2017 REB,
732 1917 794 2000 hic
823 1944 920 2000 vero
949 1910 1049 2027 qu
1075 1917 1218 2025 angulo
1250 1910 1392 2001 AER
1426 1912 1570 2031 semper
1601 1916 1685 2006 sunt
1709 1956 1757 2009 ae-

370 2036 535 2149 quales:
568 2061 663 2146 ergo
688 2034 806 2117 etiam
837 2034 996 2145 angulus
1025 2026 1155 2117 REB
1188 2038 1205 2127 (
1215 2033 1465 2143 reflexionis)
1495 2060 1663 2153 aequatur
1692 2066 1761 2125 an·

367 2153 462 2265 gulo
496 2146 633 2237 AER
666 2149 956 2251 (incidentiae).
1033 2210 1048 2255 ·.
1073 2144 1121 2230 Ε.
1151 2144 1208 2231 D.

426 2264 617 2380 Affurnpsr
641 2264 799 2379 quidem
818 2266 997 2350 habimus
1068 2260 1312 2348 efradiionem
1330 2270 1370 2350 δι
1400 2262 1674 2355 Reflexionem
1691 2271 1760 2358 fie.

369 2382 402 2471 ri
427 2385 467 2467 in
493 2384 613 2496 planis
642 2382 692 2465 ad
728 2384 841 2495 plana
869 2379 1113 2495 restingentia
1149 2385 1189 2463 &
1218 2385 1447 2468 refledientia
1482 2387 1617 2487 redis,
1648 2391 1761 2501 quod

369 2498 486 2586 eriam
502 2493 850 2597 abEUCL1nn‚
879 2493 1226 2619 AxLHAzuNo,
1254 2494 1521 2615 nonnullisque
1546 2496 1764 2591 Veteribus

311 2696 314 2703 .
368 2620 474 2718 aliis,
494 2615 571 2701 stne
593 2616 919 2703 demonstratione
941 2608 1140 2699 assumtum
1164 2614 1230 2697 est.
1256 2609 1546 2705 VITELLIO
1568 2647 1689 2721 vero,
1719 2629 1762 2707 dt

367 2735 470 2820 inter
501 2736 735 2819 recentiores
766 2728 1067 2819 KEPLERUS
1078 2791 1092 2830 ,
1124 2728 1217 2813 dum
1242 2730 1285 2814 id
1313 2734 1479 2844 probare
1505 2736 1645 2819 volunt
1657 2798 1671 2837 ,
1702 2740 1763 2823 ni-

369 2852 426 2936 hil
455 2852 634 2963 probant.
694 2844 756 2935 At
777 2878 874 2934 vero
908 2850 1032 2932 statim
1058 2848 1216 2931 innuere
1245 2847 1479 2959 potuissem,
1509 2850 1553 2934 id
1586 2881 1635 2935 ex
1668 2882 1759 2939 meo

368 2970 559 3081 principio
586 2968 688 3053 ultro
717 2960 844 3082 sequi:
877 2992 967 3049 nam
995 2963 1020 3045 fi
1051 2958 1112 3063 E,
1143 2991 1223 3046 non
1262 2988 1410 3051 tantum
1443 2970 1483 3050 in
1513 2970 1614 3051 reita
1638 2964 1758 3071 CD,

367 3082 434 3171 sed
450 3088 489 3168 in
504 3087 652 3199 integra
669 3080 835 3197 quadam
858 3076 1052 3191 superficie
1072 3078 1264 3163 liberrime
1280 3082 1319 3161 in
1340 3106 1477 3166 omnes
1497 3108 1620 3193 partes
1640 3090 1757 3170 fluere

369 3198 475 3314 polle
499 3202 759 3313 concipiatur,
776 3198 896 3311 idque
921 3198 1052 3307 postea
1070 3222 1093 3277 a
1110 3194 1257 3279 duabus
1278 3201 1467 3307 potentiis‘
1480 3193 1535 3283 M
1554 3204 1593 3281 δι
1616 3197 1665 3288 Ν
1684 3226 1756 3285 tra.

368 3318 550 3431 hirquis
579 3320 634 3403 est
648 3377 680 3433 ,Δ
700 3316 769 3430 qui
798 3342 879 3399 non
914 3314 1019 3395 illico
1043 3309 1197 3410 videat,
1229 3317 1409 3423 pundum
1439 3314 1536 3399 illud
1560 3343 1640 3399 non
1670 3343 1761 3405 ante

368 3436 615 3549 quieturum,
656 3460 774 3635 ppam
808 3430 1027 3545 pervenerit
1059 3427 1109 3511 ad
1143 3456 1233 3512 eum
1270 3430 1401 3515 locum
1414 3490 1428 3530 ,
1459 3433 1500 3516 in
1535 3460 1642 3548 quo,
1674 3464 1764 3521 cum

368 3553 516 3664 ptmdiis
538 3548 582 3637 A
605 3557 645 3635 bc
711 3610 724 3649 ,
757 3548 800 3633 fit
830 3550 869 3633 in
895 3548 1012 3658 plano
1035 3543 1085 3629 ad
1114 3539 1348 3655 superficiem
1373 3544 1672 3663 rebiugemem,
1698 3555 1766 3641 vel

367 3672 626 3755 reuertentem
651 3670 784 3751 redo?
809 3660 913 3751 secus
936 3663 1040 3747 enim
1061 3660 1086 3743 fi
1106 3660 1319 3753 reciderem
1342 3665 1382 3749 in
1411 3668 1552 3780 quovis
1577 3666 1656 3752 alio
1681 3671 1765 3780 pla.
1887 3672 1891 3683 “

370 3813 426 3869 no
457 3808 629 3869 centrum
724 3785 854 3868 vitatis
878 3778 1094 3894 ponderum
1123 3772 1178 3863 M
1204 3784 1245 3861 dt
1274 3776 1324 3869 N
1345 3806 1427 3866 non
1450 3780 1623 3869 infimum
1651 3784 1766 3898 poffi.

370 3902 492 3986 bilem
518 3812 735 3987 desceniirmm
755 3902 965 3985 obtineret.

427 4011 652 4119 Caeterum,
684 4047 764 4103 non
795 4018 930 4101 inutile
949 4018 1043 4115 erit,
1072 4014 1195 4123 srjam
1219 4014 1424 4101 ostendero
1446 4021 1487 4101 ἂ
1506 4010 1635 4129 ipsam
1660 4016 1766 4103 illam

372 4135 669 4249 metapbyficam
691 4133 921 4244 hypothesm
951 4134 1001 4218 de
1022 4130 1388 4243 compendiofissrma
1409 4130 1572 4222 Natura
1599 4135 1689 4225 via,
1717 4140 1767 4221 e'x

371 4282 463 4337 meo
492 4251 695 4365 aequilibrii
716 4250 931 4363 principio,
965 4247 1332 4334 commodiffime&
1355 4250 1432 4337 sme
1456 4253 1574 4367 longa
1595 4243 1770 4337 demons-

368 4370 561 4467 tratione,
596 4366 736 4452 deduci
760 4360 890 4478 poffer
917 4366 997 4449 imo
1023 4360 1157 4476 sponte
1187 4368 1328 4453 exinde
1357 4376 1500 4469 fluere,
1528 4396 1571 4454 ut
1598 4396 1649 4452 ne
1672 4396 1770 4481 opus

368 4486 529 4601 quidem
553 4486 716 4571 habeam
747 4480 1053 4567 confideratione
1077 4484 1565 4595 angulorum‘incidentiae,
1596 4489 1637 4567 &
1658 4491 1769 4573 refle-

367 4606 519 4703 xionis,
542 4604 606 4685 vel
649 4600 908 4689 refradiionist
939 4598 980 4681 id
1000 4600 1110 4711 quod
1131 4629 1154 4684 a
1177 4605 1330 4687 nemine
1360 4602 1540 4685 habienus
1564 4602 1769 4714 praestitum

368 4716 471 4804 scio:
504 4746 592 4801 nam
621 4725 660 4802 dt
692 4713 768 4833 ipse
796 4714 1044 4805 elucemus
1072 4744 1157 4801 eam
1181 4746 1229 4801 ex
1254 4718 1439 4803 undarum
1459 4711 1608 4802 suarum
1637 4744 1770 4804 natura

368 4834 592 4921 immediate
617 4836 875 4923 demonstrare
896 4863 976 4919 non
1001 4836 1151 4947 potuit3
1180 4827 1245 4917 sed
1271 4834 1482 4949 cogebatur
1518 4837 1638 4921 exiis
1668 4838 1770 4946 prius

369 4952 537 5071 probare
572 4956 811 5047 cotulantem
845 4949 920 5043 elle
945 4954 1137 5045 rationem
1173 4952 1272 5041 inter
1295 4951 1394 5047 sutus
1413 4952 1655 5151 anguloruml
1676 4952 1770 5145 ing

1658 5086 1706 5151 en
