5500 6884
493 801 575 898 No.
622 801 822 894 mnu.
884 799 1631 899 Morunneuronrun
1699 853 1786 928 421

396 959 495 1064 PB,
526 965 675 1078 hacque
704 959 951 1076 dispositione
976 967 1187 1049 instituatur
1214 957 1409 1080 obreptio.
1431 969 1515 1056 Fiet
1537 975 1641 1075 enim
1662 976 1795 1088 repto-

396 1084 452 1167 ria
482 1077 516 1164 P
538 1116 569 1160 π
593 1079 670 1189 Q,
695 1079 905 1195 omnesque
939 1082 1094 1194 reliquae
1106 1140 1120 1180 ,
1141 1083 1291 1194 postea
1312 1109 1356 1167 ut
1391 1089 1494 1196 prius
1516 1085 1795 1183 describendae,

395 1197 638 1398 iiiiii
662 1193 1794 1430 sliiiipimistiistissimi{uisi

395 1451 454 1512 tes
471 1425 503 1513 P
511 1425 556 1514 A
573 1435 611 1512 &
627 1423 702 1514 PB
725 1424 809 1513 sunt
830 1432 992 1543 equales
1015 1437 1055 1513 &
1077 1427 1233 1528 ssmiles,
1257 1435 1314 1516 uti
1334 1431 1404 1532 fit,
1429 1461 1517 1517 cum
1530 1431 1615 1521 ΑΡ
1623 1435 1658 1523 Β
1681 1356 1793 1544 esset,

398 1548 566 1658 exempli
588 1541 730 1659 gratia,
753 1547 882 1659 aliqua
902 1577 950 1630 ex
980 1543 1222 1632 Seiiionibus
1242 1551 1409 1649 conicis,
1438 1551 1478 1632 in
1536 1580 1585 1636 ua
1611 1550 1794 1667 puudium

399 1659 434 1748 P
455 1661 556 1748 foret
575 1687 710 1748 vertex
739 1658 929 1756 summus5
955 1692 1037 1776 quo
1060 1657 1145 1772 tasu
1177 1690 1291 1748 curva
1321 1669 1490 1778 reptoria
1507 1582 1545 1752 s
1562 1707 1593 1752 π
1623 1671 1696 1790 Q,
1728 1703 1798 1787 per
1822 1687 1826 1692 ’

427 1781 567 1864 riorem
593 1779 756 1863 modum
787 1774 1004 1890 descripta,
1038 1775 1128 1862 esset
1155 1807 1260 1864 nova
1296 1804 1447 1866 tantum
1472 1783 1600 1871 Seotio
1625 1794 1790 1885 tunicas

397 1807 465 1980 sed
493 1897 589 2006 parti
614 1892 699 1980 ΡΑ
723 1899 788 1979 vel
812 1893 888 1982 PB
923 1898 1084 1980 omuino
1108 1894 1259 1985 fimilise
1288 1897 1332 1978 id
1359 1898 1470 2010 quod
1491 1929 1573 1985 non
1602 1899 1789 1992 satisface-

398 2036 459 2098 ret
493 2009 756 2120 Problematir
791 2015 935 2126 quippe
959 2010 1067 2124 quod
1098 2013 1256 2122 requirit
1279 2041 1436 2098 curvum
1465 2019 1667 2130 propositae
1695 2021 1792 2106 diffi.

400 2129 546 2214 milem.
606 2124 745 2241 Atque
767 2131 832 2214 hic-
854 2132 896 2212 in
915 2122 1129 2214 universum
1152 2128 1206 2210 est
1228 2131 1466 2222 notandum,
1486 2132 1792 2253 quotiescunque

399 2273 525 2330 curve
554 2270 772 2358 perreptans
802 2251 843 2329 &
870 2243 1123 2356 perreptanda
1152 2237 1236 2326 sunt
1266 2245 1434 2346 eedem,
1463 2250 1529 2332 vei
1558 2274 1707 2338 tantum
1747 2253 1793 2336 fi-

402 2363 536 2462 miles‚
567 2357 683 2476 seque
712 2385 900 2477 tangunt,
940 2362 990 2446 ab
1021 2362 1133 2446 initio
1162 2360 1371 2472 reptionis,
1403 2366 1444 2446 in
1486 2371 1634 2477 punitis
1663 2369 1791 2453 simili·

400 2478 495 2578 but,
528 2507 682 2564 curvam
710 2480 917 2592 reptoriam
948 2479 1036 2562 hinc
1065 2499 1284 2590 generatam
1313 2479 1389 2563 illis
1416 2474 1562 2593 semper
1589 2488 1707 2570 etiam
1727 2484 1790 2570 fo-

400 2624 443 2680 te
463 2595 638 2680 firniiem:
660 2599 765 2704 cujus
787 2597 886 2680 ratio
905 2594 1119 2682 attendenti
1130 2592 1233 2676 haud
1252 2593 1452 2680 difficulter
1461 2594 1629 2708 patescit.
1650 2599 1791 2710 Qran·

404 2713 460 2797 do
491 2713 604 2824 igitur
626 2711 707 2798 dixi
726 2717 765 2796 in
789 2709 983 2798 solutione
1009 2737 1166 2796 ctuvam
1191 2705 1272 2794 Ρπ
1299 2707 1582 2819 Qdiffmrilem
1614 2715 1689 2801 esse
1725 2714 1795 2829 ipsi

403 2824 533 2915 APB
557 2890 570 2927 ,
597 2831 663 2912 vel
695 2831 793 2941 parti
823 2825 930 2928 ΑΡ,
961 2851 1130 2940 excepto
1161 2820 1248 2909 solo
1291 2826 1401 2927 cusu,
1441 2857 1523 2942 quo
1554 2831 1644 2916 data
1679 2861 1795 2915 curva

403 2941 532 3030 APB
562 2942 653 3029 esset
683 2972 789 3028 arcus
826 2944 977 3044 circuli,
1005 2948 1074 3028 ista
1099 2942 1220 3024 verba
1245 2937 1312 3027 sub
1340 2946 1412 3026 hac
1439 2948 1669 3032 restriiiione
1694 2947 1795 3036 difflt

402 3061 546 3160 velim,
574 3085 615 3144 ut
634 3063 833 3158 nimirum,
855 3059 881 3142 st
901 3059 1093 3173 propofitn
1113 3059 1260 3140 constet
1279 3059 1427 3143 duabus
1455 3063 1625 3173 partibus
1647 3058 1731 3149 ΡΑ
1751 3069 1792 3150 δι

404 3173 479 3263 ΡΒ
500 3178 708 3290 equalibus
728 3175 979 3276 termulum,
999 3175 1087 3260 fitus
1105 3199 1196 3256 tunc
1208 3177 1323 3286 partis
1336 3209 1361 3259 a
1375 3171 1409 3260 P
1424 3180 1525 3286 prius
1544 3180 1798 3290 permutetur,

405 3296 569 3379 admoto
582 3289 723 3380 scilicet
738 3296 888 3406 apanis
901 3289 965 3378 aP
980 3294 1029 3376 ad
1042 3294 1222 3406 puniium
1234 3287 1267 3375 P
1280 3297 1394 3402 partis
1408 3289 1504 3378 PB:
1520 3299 1693 3409 alioquin
1711 3325 1794 3381 cet-

406 3435 448 3496 te
460 3415 628 3526 reptoria
643 3407 827 3524 descripta
839 3407 910 3495 Pe
925 3408 1096 3522 Qsoret
1108 3410 1206 3524 parti
1221 3403 1298 3496 ΑΡ
1313 3411 1380 3496 vel
1392 3405 1459 3499 PB
1473 3415 1636 3500 omnino
1656 3413 1798 3503 similit

654 3641 936 3734 Soturto
968 3639 1033 3730 11.
1065 3668 1133 3756 per
1157 3641 1551 3759 motumfirbreptionis.
1640 3684 1644 3690 ,

465 3875 559 3966 Esto
584 3876 807 3966 emundata
825 3878 861 3964 al
889 3875 1041 3966 ebraica
1062 3872 1106 3964 A
1123 3872 1165 3963 C
1176 3873 1211 3964 B
1234 3874 1286 3964 ad
1304 3903 1422 3990 quarn
1442 3874 1676 3961 construauu
1692 3871 1985 3986 priusqam

406 3993 485 4085 'alia
519 3996 647 4080 similis
676 3991 777 4080 LM
793 3992 842 4082 N
854 3905 924 4094 fi,
956 3990 1131 4108 illiusque
1157 3995 1275 4108 dupla
1295 4053 1310 4093 ‚
1342 3993 1454 4104 quod
1490 3992 1697 4107 quomodo
1729 3990 1796 4080 fiat
1813 4003 1875 4079 fit·
1894 4018 1923 4076 t·

409 4113 558 4204 dudum
585 4115 639 4198 est
668 4113 898 4221 cognitum,
928 4111 1110 4196 ducendo
1133 4135 1307 4210 tanturn,
1340 4139 1389 4194 ex
1412 4107 1599 4222 assumpto
1624 4109 1798 4225 quodam

408 4234 552 4346 punito
578 4225 652 4326 0,
679 4255 748 4338 per
767 4223 909 4336 singula
926 4225 1024 4311 datae
1046 4253 1171 4311 curvae
1194 4230 1355 4338 puniit,
1378 4231 1496 4313 redas
1520 4225 1568 4313 Ο
1582 4223 1638 4325 L,
1663 4221 1796 4324 OM,

409 4343 552 4445 ΟΝ,
586 4339 691 4430 OR
720 4340 854 4451 duplas
874 4335 1022 4426 suarum
1043 4344 1208 4455 partium
1234 4337 1369 4444 OA,
1401 4340 1518 4444 ΟΡ,
1549 4333 1796 4438 OC‚OB:

408 4458 573 4550 Deinde
605 4455 725 4546 sumta
754 4451 857 4544 [Μ
873 4453 922 4544 Ν
935 4453 979 4544 R
1005 4487 1079 4658 ppo
1108 4458 1363 4572 perreptanda
1385 4519 1399 4558 ‚
1430 4465 1471 4542 &
1500 4455 1590 4545 ΑΡ
1609 4453 1697 4542 CB
1725 4483 1799 4569 pro

408 4575 662 4692 subrepente,
682 4599 800 4688 atque
823 4573 986 4660 admoto
1060 4573 1112 4660 ad
1132 4571 1193 4676 L,
1220 4577 1286 4662 vel
1304 4570 1349 4661 A
1368 4575 1421 4659 ad
1440 4570 1485 4662 R
1505 4573 1573 4660 fiat
1589 4569 1798 4684 subreptio.

407 4691 521 4780 Dico
544 4693 753 4805 reptoriarn
773 4692 864 4778 hinc
888 4691 1057 4806 genitam
1082 4689 1167 4776 fore
1190 4692 1377 4803 aequalem
1401 4690 1602 4802 proposrtae
1630 4685 1718 4776 Al>
1734 4687 1798 4776 Bt

408 4809 476 4902 Est
507 4812 612 4904 etim
644 4808 800 4926 aequalu
821 4808 1042 4900 differentiae
1076 4801 1383 5039 intthngM3N
1396 4803 1441 4899 R
1470 4811 1512 4893 δι
1537 4800 1802 5022 ΑΡΒῨὶῗ
