5500 6884
994 818 1102 931 ιιι.
1267 782 1612 887 utrumn.
1647 779 2195 890 nrnramruarro
2270 735 2273 739 ’

1004 975 1044 1051 u
1075 956 1399 1059 universalillima‚
1426 960 1641 1072 exprimens
1671 956 1821 1041 radium
1847 950 1996 1054 osculi,
2025 957 2065 1038 in
2094 958 2220 1042 curvis
2246 950 2398 1072 quibus-

1003 1084 1090 1183 vis,
1126 1076 1516 1175 transcendentibus,
1550 1102 1666 1191 aeque·
1696 1102 1740 1155 ac
1765 1072 2015 1185 algebraicisr
2045 1100 2130 1187 quae
2170 1099 2259 1157 cum
2289 1076 2398 1159 diffe-

1003 1202 1227 1289 rentialibus
1256 1199 1367 1309 primi
1402 1214 1551 1279 tanturn
1582 1190 1720 1305 gradus
1752 1191 1971 1289 constaret,
1998 1189 2091 1274 loco
2116 1189 2233 1303 quod
2264 1221 2399 1276 omnes

852 1337 856 1347 ‘
1004 1318 1117 1417 aliae,
1148 1318 1198 1405 ab
1234 1316 1316 1396 aliis
1344 1316 1523 1397 hactenus
1552 1307 1718 1405 tradita,
1744 1301 1889 1417 semper
1918 1309 2038 1391 etiam
2069 1306 2313 1392 differentio-
2327 1311 2398 1391 dif-

1004 1434 1250 1531 ferentiales,
1277 1426 1341 1515 seu
1366 1427 1638 1512 differentiales
1663 1417 1821 1508 secundi
1848 1424 1987 1535 gradus
2012 1424 2216 1507 involvant
2228 1458 2240 1516 ς
2273 1428 2397 1537 primo

1004 1552 1154 1663 impetu
1178 1548 1330 1633 laetabar
1363 1544 1571 1641 nonnihil,
1597 1542 1653 1624 ob
1679 1568 1827 1623 novum
1854 1544 2079 1628 inventum,
2109 1565 2294 1654 tanquam
2319 1545 2395 1625 val-

1006 1669 1058 1751 de
1084 1668 1295 1780 stngulare:
1328 1664 1453 1746 statim
1479 1687 1575 1744 vero
1600 1658 1753 1769 postea,
1779 1682 1911 1769 aperte
1933 1656 2035 1741 adeo
2057 1686 2106 1740 tx
2136 1658 2311 1741 formulis
2337 1689 2397 1743 ot·

1000 1786 1163 1869 dinariis
1184 1782 1310 1866 ¹fluere
1334 1779 1442 1877 vidi,
1477 1803 1520 1861 ut
1547 1775 1763 1859 dubitarem
1787 1804 1836 1857 an
1858 1777 1899 1856 in
1928 1769 2138 1857 adversaria
2163 1802 2251 1858 mea
2284 1770 2395 1859 refer·

944 1962 947 1970 a
1005 1931 1050 1985 re
1063 1892 1065 1897 ’
1078 1903 1297 2013 dignaturus
1328 1892 1455 1979 essem.
1517 1890 1857 2008 Quandoquidem
1882 1913 2012 1973 tamen
2029 1885 2153 1973 ansam
2179 1891 2290 1975 dedit
2309 1889 2390 1977 nos-

1000 2043 1074 2100 ·trae
1104 2019 1192 2101 huic
1225 2013 1493 2099 constructioni
1517 2010 1781 2125 geometrica),
1812 2002 2011 2092 universali
2030 2014 2071 2090 δι
2088 2008 2394 2119 expeditiffintae‚

1007 2132 1202 2219 radiorum
1229 2127 1346 2215 osculi
1373 2128 1592 2242 quatumvis
1618 2152 1842 2216 curvarum3
1868 2122 2018 2209 fontem
2046 2124 2158 2237 ipsrus
2180 2125 2312 2237 paucis
2336 2128 2396 2208 hic

1006 2252 1188 2367 detegere
1208 2266 1287 2333 ‘non
1311 2247 1472 2359 pigebit.

1061 2367 1159 2454 ¹Esto
1194 2360 1332 2449 Curva
1365 2388 1633 2475 quacunque,
1668 2356 1775 2467 cujus
1802 2358 2036 2444 coordinata
2066 2354 2137 2443 smt
2159 2390 2188 2441 x
2216 2365 2258 2442 dc
2278 2365 2395 2472 yrdt

1004 2484 1053 2568 ‘fir
1091 2484 1258 2594 aequatio
1292 2478 1550 2563 differentialis
1590 2480 1672 2582 ejus
1705 2502 1877 2560 naturam
1911 2474 2168 2562 universaliter
2205 2457 2396 2589 dxplicans

1010 2605 1070 2682 dx
1094 2608 1162 2681 ='
1188 2602 1294 2711 udy,
1335 2596 1537 2707 [intelligo
1565 2622 1631 2705 per
1657 2622 1704 2691 u,
1730 2596 1983 2705 quantitatem
2016 2625 2064 2679 ex
2089 2626 2138 2692 x,
2161 2626 2186 2705 y
2217 2601 2257 2679 dt
2287 2588 2397 2678 cons-

1008 2718 1178 2801 tantibus
1202 2734 1405 2824 utcunque
1440 2714 1676 2794 constantem
1689 2721 1735 2807 ]-‚·
1763 2711 1888 2821 pofito
1913 2716 1962 2793 dr
1987 2740 2058 2824 pro
2088 2711 2283 2795 elemento
2313 2740 2396 2793 cur·

1007 2866 1098 2933 νει,
1124 2835 1215 2916 dico
1240 2828 1390 2913 radium
1415 2824 1533 2912 osculi
1558 2826 1643 2911 fore
1670 2820 1816 2938 semper
1840 2832 1906 2908 dr*
1936 2863 1948 2904 .·
1974 2827 2043 2942 dy²
2079 2833 2171 2917 dtr-,-
2208 2827 2320 2940 quod
2349 2825 2396 2908 fic

1005 2952 1118 3036 facile
1142 2948 1293 3062 probo:
1325 2972 1414 3028 nam
1437 2940 1557 3027 sumta
1579 2948 1628 3055 dy
1654 2972 1725 3054 pro
1746 2946 1972 3042 constante,
2001 2969 2137 3029 notum
2155 2945 2218 3027 est
2251 2943 2396 3028 radium

1006 3064 1123 3167 osculi
1146 3064 1219 3151 else
1246 3070 1351 3145 dcl.-
1382 3066 1560 3174 dyddx3
1584 3088 1671 3142 cum
1697 3085 1826 3145 autem
1844 3063 1903 3141 dx
1926 3058 1969 3143 fit
1997 3066 2183 3175 :adp
2211 3063 2283 3143 erit
2307 3062 2396 3141 ddx

1006 3224 1074 3265 ,τε
1090 3189 1119 3265 d
1125 3187 1207 3294 udy
1222 3214 1231 3271 ;
1255 3177 1434 3291 adeoque
1457 3173 1656 3261 substituto
1679 3176 1771 3260 loco
1787 3180 1862 3258 ddx
1879 3173 1991 3286 ipsius
2009 3179 2143 3262 valore
2159 3181 2289 3289 dudy,
2308 3176 2396 3288 pro·

998 3300 1129 3397 adibit,
1158 3297 1268 3408 quod
1299 3296 1402 3393 dixi,
1442 3293 1570 3378 radius
1603 3286 1721 3375 osculi
1745 3293 1850 3374 dr·³:
1876 3294 2029 3409 ἅμα.
2076 3289 2126 3376 ld
2151 3294 2262 3407 quod
2283 3293 2397 3376 nobis

1000 3410 1222 3524 suppeditat
1240 3413 1336 3520 hanc
1355 3407 1663 3521 generalilsrmam
1688 3410 1785 3492 radii
1813 3410 1925 3517 hujus
1950 3411 2268 3496 constructionem
2280 3469 2296 3511 ,
2332 3436 2396 3522 pet

1008 3524 1104 3613 solas
1130 3529 1361 3641 quantitates
1389 3527 1596 3607 ordinarias
1621 3518 1683 3609 seu
1701 3524 1847 3610 finitas.

845 3686 992 3756 mm
1065 3639 1125 3732 ,Sit
1157 3640 1293 3728 Curva
1329 3642 1418 3724 data
1446 3637 1569 3740 Ac,
1600 3639 1677 3725 five
1710 3638 2004 3742 transcendens,
2041 3644 2120 3729 five
2153 3644 2395 3755 algebtaica3

844 3772 990 3921 txlrirs

859 3940 928 4015 Τίς.
943 3958 969 4001 ι.

817 4776 825 4799 ,
881 4703 895 4717 ”
940 4706 945 4714 “
1010 4722 1090 4791 rem
1115 4696 1306 4814 quandam
1330 4694 1380 4779 ad
1409 4698 1608 4806 arbitrium
1638 4688 1833 4782 assumtam

1009 3768 1114 3873 cujus
1144 3762 1268 3846 radius
1302 3754 1420 3843 osculi
1452 3762 1493 3841 in
1529 3763 1672 3870 pundo
1701 3763 1842 3871 quo-vis
1873 3754 1915 3843 C
1941 3760 1984 3843 fit
2014 3760 2277 3875 allrgnandns:
2307 3757 2398 3845 Du·

1010 3908 1140 3967 cantur
1165 3881 1296 3975 linear,
1331 3900 1373 3957 ut
1400 3874 1537 3959 fadum
1565 3878 1605 3958 in
1631 3872 1790 3986 Figutar
1814 3868 1969 3992 vscilicet
1995 3907 2044 3961 ex
2070 3882 2214 3990 pundo
2240 3871 2301 3978 F,
2332 3880 2400 3961 ubi

1008 4025 1169 4110 tangens
1205 3991 1283 4081 CF
1315 3988 1593 4091 lecatorem,
1625 3993 1811 4075 excitetur
1847 3995 1897 4076 ad
1934 4022 2046 4079 axem
2071 3994 2402 4106 perpendicularis

1009 4112 1110 4215 PG,
1135 4110 1517 4197 occurrensnormali
1535 4107 1594 4192 ad
1619 4136 1776 4192 curvam
1792 4103 1898 4193 DC
1923 4110 2116 4223 produdae
2142 4116 2181 4196 in
2205 4106 2260 4196 G.
2298 4108 2402 4194 Prat-

1007 4258 1113 4318 terea
1135 4292 1148 4331 ‚
1178 4228 1362 4343 quoniam
1399 4254 1596 4309 curvarum
1626 4220 1798 4311 datarum
1824 4227 1961 4311 dantur
1986 4250 2216 4341 tangentes,
2245 4221 2402 4311 subtan-

997 4375 1175 4465 gentes,
1203 4340 1430 4443 normales,
1458 4338 1717 4428 subnormales
1748 4351 1824 4428 dcc.
1890 4340 2152 4429 'Construarur
2178 4372 2284 4428 nova
2316 4376 2401 4429 cur·
2517 4421 2518 4440 q

1008 4496 1058 4549 va
1083 4459 1212 4564 LM,
1252 4464 1306 4545 ira
1334 4484 1375 4543 ut
1410 4462 1491 4567 ejus
1516 4460 1705 4573 applicata
1733 4457 1831 4547 ΒΜ
1861 4462 1906 4545 srt
1933 4487 2067 4573 quarta
2101 4462 2403 4575 proportionalis

1008 4582 1060 4663 ad
1085 4584 1311 4693 applicatam
1332 4578 1429 4663 datae
1459 4571 1574 4678 BC,
1597 4582 1678 4687 ejus
1708 4574 1999 4780 subtangleptem
2024 4574 2122 4681 BF,
2154 4586 2194 4666 dc
2223 4582 2401 4663 constan·

1920 4728 1931 4785 ι
1980 4696 2084 4780 unde
2113 4704 2154 4782 dc
2183 4698 2264 4780 haec
2293 4722 2402 4781 nova

855 4840 860 4847 ·
1005 4838 1123 4897 curva
1149 4812 1337 4911 dabitur,
1372 4810 1527 4931 eiusque
1560 4812 1662 4898 adeo
1696 4839 1929 4925 tangentes,
1971 4808 2274 4929 subtangentes‚
2321 4821 2400 4897 dcc.

994 4924 1090 5023 fiat
1117 4930 1254 5049 igitur,
1285 4952 1327 5011 ut
1361 4926 1434 5017 FB
1466 4932 1517 5019 ad
1551 4926 1671 5031 NB,
1705 4922 1884 5070 ita-GD
1922 4929 1974 5017 ad
2001 4930 2401 5133 qm..ql¹³¹¹cdaEm
