5500 6884
1046 742 1128 834 μθ
1200 703 1421 802 texe.
1465 703 1556 794 nn
1591 701 1799 792 motu
1833 697 2341 794 erunutonuar
2421 644 2425 653 ’

1033 916 1132 973 nem
1145 885 1478 1000 probabilitatem:
1505 909 1591 966 cum
1616 883 1720 965 enim
1743 904 1908 990 corpora
1926 907 1950 962 a
1971 879 2342 991 circumgyratione
2361 877 2412 966 T:

1035 1035 1092 1090 rae
1114 1006 1312 1117 acquirant
1344 997 1465 1095 nisum
1493 998 1700 1085 recedendi
1733 1025 1758 1079 a
1789 1020 1945 1095 centro,
1968 995 2156 1109 adeoque
2178 999 2220 1078 vi
2253 1005 2417 1110 gratita·

1041 1121 1308 1237 quadantenus
1325 1119 1584 1214 contrarium,
1604 1118 1680 1228 qui
1701 1142 1753 1201 eo
1769 1117 1891 1221 major
1916 1115 1994 1209 est,
2020 1143 2107 1226 quo
2145 1115 2226 1196 loci
2247 1121 2424 1225 parallel.

987 1309 993 1330 a
1032 1241 1097 1342 est
1130 1240 1275 1344 major,
1298 1237 1422 1319 minus
1447 1235 1580 1348 utique
1598 1231 1699 1316 foret
1718 1229 1906 1317 resrduum
1925 1227 2121 1342 gravitatis
2137 1233 2180 1312 in
2207 1231 2342 1331 locis,
2367 1230 2425 1314 sui.

1043 1355 1110 1439 vel
1133 1381 1255 1466 prope
1285 1370 1541 1464 aequatotem‚
1567 1376 1682 1461 quam
1712 1353 1755 1434 in
1777 1350 1861 1431 aliis
1889 1348 1939 1430 ab
1967 1346 2110 1431 eodem
2140 1353 2422 1436 remotioribu,

1043 1499 1113 1584 per
1141 1463 1377 1584 consequens
1401 1471 1442 1550 in
1464 1468 1524 1550 his
1554 1465 1722 1577 pendula
1749 1461 1952 1553 isochtona
1980 1466 2226 1580 requirerent
2255 1471 2424 1577 majore

1037 1585 1328 1704 'longitudinem
1354 1612 1472 1702 quam
1490 1587 1531 1668 in
1550 1583 1635 1667 illia

1690 1812 1738 1902 X
1762 1810 1798 1916 1.

1105 2028 1285 2140 Qtando
1319 2053 1449 2114 tamen
1485 2025 1592 2116 Galli
1627 2028 1860 2114 contrarium
1887 2016 1925 2114 se
1957 2018 2170 2112 observasse
2206 2027 2417 2114 allevetur.

1033 2151 1251 2266 *pendulum
1279 2142 1421 2232 scilicet
1451 2143 1640 2254 Parfiense
1664 2144 1794 2255 [cujus
1811 2145 2018 2258 longitudo
2052 2175 2070 2252 3
2096 2147 2191 2258 ped.
2220 2161 2262 2238 8.
2296 2153 2319 2258 ζ.
2353 2151 2418 2257 lia}

1041 2263 1244 2379 superare,
1280 2292 1356 2347 una
1385 2281 1543 2346 ‘tantum
1576 2264 1676 2347 linea
1708 2293 1797 2348 cum
1833 2261 2076 2377 quadrante,
2114 2263 2339 2381 pendrjt
2371 2259 2420 2344 ilo

880 2375 889 2392 ’
1043 2385 1233 2468 thronum
1256 2383 1295 2464 in
1313 2373 1435 2463 Insula
1462 2377 1627 2490 Capennae
1646 2440 1658 2477 ‚
1680 2407 1768 2494 quae
1799 2379 1849 2463 ab
1872 2403 2067 2491 aquatore
2102 2407 2186 2462 non
2219 2384 2381 2462 omnino
2402 2408 2417 2476 ς

1041 2499 1150 2613 grad.
1179 2498 1311 2586 distem
1342 2491 1408 2577 sed
1431 2496 1543 2578 &ab
1575 2495 1718 2579 eodem
1745 2494 1930 2603 Parifienst
1940 2495 2111 2580 deficere
2146 2497 2304 2580 duabus
2335 2480 2436 2579 lintisl

1042 2612 1286 2729 pendulum,
1317 2610 1428 2724 quod
1463 2608 1530 2721 ipsr
1572 2607 1815 2697 isochronum
1846 2613 1901 2695 est
1934 2615 1976 2694 in
2005 2609 2127 2695 Insula
2160 2611 2312 2711 Corte,
2340 2611 2415 2694 haul

1042 2729 1180 2844 procul
1198 2757 1225 2812 a
1241 2730 1514 2840 promontorio
1540 2728 1689 2828 viridi,
1720 2757 1835 2838 quam
1865 2728 2030 2812 eandem
2057 2728 2319 2814 differentiam
2347 2723 2415 2812 ai

1042 2849 1161 2932 etiam
1188 2841 1430 2931 observatam
1456 2841 1615 2929 asserum
1645 2847 1685 2928 in
1722 2844 1951 2956 Gradalaupe
1963 2905 1976 2944 ‚
2002 2874 2087 2929 non
2119 2848 2304 2930 obstante
2334 2845 2415 2959 quud

1036 2963 1165 3049 vamba
1188 2964 1245 3046 hae
1273 2958 1405 3046 lnsulae
1432 2959 1663 3072 Guadaloupe
1692 2968 1730 3045 δι
1751 2957 1891 3060 θανά,
1923 2985 2062 3074 utpote
2087 2993 2139 3069 14
2172 2965 2236 3048 vel
2276 2995 2324 3067 15
2355 2990 2413 3074 gn

1037 3078 1436 3164 duum'latitudinem
1463 3079 1672 3178 habentes,
1702 3075 1752 3162 ab
1781 3102 1974 3191 aquatore
2002 3081 2123 3190 magis
2152 3081 2296 3164 distent
2323 3108 2414 3192 quau

1038 3194 1222 3307 Cayenna.
1298 3191 1402 3278 Haec
1438 3197 1492 3276 ita
1520 3195 1737 3307 consignata
1766 3198 1917 3304 reperio
1953 3197 1993 3278 in
2020 3191 2291 3282 collectaneis
2320 3198 2412 3277 elno·

1038 3313 1206 3392 numicis
1241 3314 1281 3390 dr
1309 3305 1478 3416 Physicis
1528 3310 1706 3405 [Recueil
1731 3309 2030 3414 lObseroations
2058 3311 2352 3425 Astrommiqm
2380 3313 2412 3405 ό

1040 3423 1261 3537 Pbyfiquts]
1298 3422 1412 3506 editis
1443 3422 1591 3530 Paristis
1657 3429 1696 3508 in
1727 3425 1797 3511 sol.
1828 3423 1953 3512 Anno
1993 3449 2095 3536 1693
2122 3491 2136 3530 ,
2172 3459 2295 3543 quare
2320 3433 2409 3512 ruitur

1036 3541 1145 3628 unde
1177 3542 1318 3626 habeat
1345 3535 1719 3644 NEWTONus‚
1752 3543 1866 3658 quod
1897 3541 2015 3645 dicit,
2052 3574 2139 3658 pag.
2174 3567 2286 3654 426:
2313 3545 2408 3630 Gades

1028 3661 1148 3767 fastis
1170 3665 1415 3770 experimentis
1442 3658 1629 3765 invenisse,
1657 3663 1756 3772 quod
1765 3662 2001 3772 pendulorum
2022 3665 2172 3746 minutis
2195 3663 2404 3769 licendis*

1035 3781 1137 3886 gulis
1156 3778 1386 3881 aſsistentium
1407 3777 1586 3886 longitudo
1609 3774 1755 3864 Parisiis
1785 3789 1896 3880 major
1926 3806 1957 3858 tt
1973 3809 2082 3890 quam
2103 3790 2143 3863 in
2162 3779 2289 3884 infida
2306 3778 2405 3868 Gut're

1030 3918 1140 4004 parte
1166 3897 1302 3972 decima
1328 3897 1435 3999 digiti
1458 3893 1504 3985 ό·
1525 3902 1637 3999 major
1657 3923 1766 4004 quam
1799 3887 1997 4004 Cavennae
2024 3923 2131 4007 parte
2158 3901 2316 3986 rtlaevae3
2344 3925 2407 3982 tum

1039 4010 1170 4123 potius
1183 4005 1344 4118 penduli
1367 4006 1594 4122 Cayenncnsts
1617 4009 1899 4123 longitudinem
1922 4037 2030 4123 parte
2057 4011 2229 4112 decima,
2257 4013 2410 4122 Gorigb

1036 4151 1137 4210 vero
1160 4147 1266 4236 parte
1282 4116 1388 4206 sexta
1416 4151 1440 4208 a
1462 4124 1706 4240 longitudine
1734 4125 1934 4244 Paristensts
1957 4128 2123 4216 deficere
2146 4126 2411 4219 Observatum

1037 4237 1150 4330 Galli
1180 4240 1358 4327 dixerint.
1662 4355 1711 4447 X
1737 4353 1806 4448 Η

1101 4519 1206 4628 Quae
1244 4525 1376 4636 itaque
1407 4552 1495 4608 tum
1522 4526 1719 4608 conciliari
1744 4557 1823 4612 non
1859 4524 1995 4639 possint
2029 4554 2119 4612 cum
2157 4515 2341 4612 Thouria
2376 4531 2416 4614 de

1040 4633 1309 4726 imminutione
1347 4645 1541 4754 gravitatis
1579 4671 1704 4752 prope
1736 4672 2000 4757 aquatorem‚
2042 4645 2227 4729 malumus
2259 4644 2413 4758 suspicati

1041 4743 1329 4842 observationes
1360 4789 1440 4841 non
1471 4755 1575 4843 firilse
1608 4788 1823 4859 accuratas,
1858 4790 1972 4874 quam
2004 4765 2298 4879 inaequalitatem
2323 4769 2410 4849 illan

1038 4867 1298 4982 pendulorum
1314 4869 1604 4992 isocbronorurn
1624 4903 1775 4966 mutum
1795 4905 2062 4994 apparentem,
2082 4908 2163 4967 non
2182 4883 2321 4967 realem
2336 4913 2408 4992 po

2272 5027 2406 5084 nuuca
