5500 6884
846 722 896 761 ”
1007 804 1064 898 98
1141 790 1220 883 se.
1241 786 1398 885 xum
1428 784 1666 883 nrssrnr.
1693 784 2311 883 narsico-annornm

1009 954 1181 1051 Musculi
1208 982 1355 1072 partem
1380 985 1544 1044 ventrem
1565 958 1780 1043 nominant.
1835 950 1989 1048 Totam
2019 951 2265 1044 rnusculonm
2297 952 2385 1045 subi·

1009 1078 1169 1163 tantiam
1190 1099 1409 1190 perceptam
1426 1079 1632 1161 innumera
1644 1086 1801 1174 arteria,
1826 1106 1988 1190 venaeque
2016 1076 2232 1189 capillares‚
2263 1083 2382 1161 &nera

1008 1202 1074 1285 νίς
1104 1194 1177 1277 illa
1200 1218 1244 1276 ut
1262 1188 1482 1307 sangumem
1501 1218 1586 1277 tum
1603 1193 1826 1301 nutritioni‚
1859 1216 1942 1277 tum
1980 1194 2104 1277 motui
2128 1187 2385 1280 Musculorum

1008 1308 1238 1395 destinatum
1261 1310 1420 1397 afferant
1445 1316 1484 1394 dc
1515 1308 1712 1410 auferant,
1739 1308 1780 1392 hi
1809 1331 1852 1391 ut
1873 1301 2288 1420 succumlpirituosum
2308 1307 2385 1399 sub·

1008 1428 1242 1527 inlustrem,
1273 1430 1345 1539 qui
1366 1455 1454 1511 cum
1470 1421 1655 1541 sanguine-
1672 1426 1800 1509 mistus
1821 1418 2058 1511 firbitaneam
2078 1426 2183 1509 illam
2201 1430 2386 1515 ebullitio·

916 1612 927 1633 .
1007 1570 1099 1629 nem
1123 1541 1250 1644 efficit,
1266 1542 1317 1628 de
1343 1570 1421 1659 qua
1450 1572 1543 1629 mox
1569 1540 1681 1627 firsrus
1693 1602 1707 1641 ,
1739 1542 1884 1655 quique
1906 1543 2127 1645 vehiculum
2146 1544 2200 1629 est
2228 1540 2387 1630 sensuum
2415 1619 2419 1632 .

1008 1684 1276 1759 externorum,
1307 1665 1347 1744 dc
1376 1662 1510 1745 animae
1529 1657 1655 1743 fidelis
1679 1654 1863 1755 famulus,
1887 1660 2019 1741 onmia
2040 1658 2190 1759 eidem,
2211 1690 2294 1775 quae
2311 1693 2390 1747 cor·

1006 1802 1078 1889 pus
1109 1778 1206 1863 intra
1228 1784 1269 1862 δι
1288 1800 1396 1861 extra
1443 1802 1651 1889 uocumque.
1674 1772 1799 1858 modo
1820 1769 1988 1857 afficiunt
2015 1780 2258 1862 annuncians.
2300 1776 2387 1867 No·

1005 1892 1167 1976 tandum
1194 1920 1312 2003 porro
1338 1886 1394 1977 M
1434 1893 1561 1977 culum
1581 1886 1744 2004 dispesci·
1760 1894 1800 1977 in
1824 1891 1951 2002 plures
1980 1886 2198 1992 fasciculos,
2231 1923 2385 2007 quornm

993 2008 1173 2122 'quilibet
1189 2004 1253 2101 sua
1271 2010 1425 2123 propria
1453 2008 1715 2100 membranula
1743 2010 1912 2092 munitus
1933 2004 2098 2092 formam
2121 2010 2280 2098 exhibet
2305 2008 2386 2125 pril-

1006 2127 1118 2208 maris
1145 2128 1403 2239 triangularis,
1434 2126 1632 2239 quadrati,
1662 2123 1951 2239 pentagonalis,
1981 2120 2123 2209 aliusve
2153 2130 2322 2237 generis:
2350 2131 2391 2212 hi

852 2250 861 2271 ⁸
1004 2234 1170 2325 fasciculi
1193 2245 1473 2328 constituuntur
1499 2272 1549 2326 ex
1575 2242 1748 2353 pluribus
1772 2240 1977 2327 filamentis
2002 2240 2210 2326 tendinolis
2237 2272 2318 2357 que
2349 2272 2389 2329 a·

1006 2356 1089 2469 pud
1115 2356 1437 2446 Snnrroue'm
1456 2357 1485 2408 ἥ
1496 2357 1600 2469 fibra
1635 2367 1799 2439 matrices
1825 2354 2015 2452 audiunts
2038 2356 2232 2442 filamenta
2267 2385 2388 2446 autem

1006 2468 1074 2559 vel
1093 2473 1206 2559 fibras
1232 2471 1340 2561 hasce
1362 2474 1438 2559 elle
1460 2469 1699 2573 tendinosas‚
1719 2497 1829 2585 patet
1849 2498 1990 2573 exeo,
2021 2473 2133 2585 quod
2146 2474 2298 2559 rubedo
2315 2478 2386 2580 illa,

1004 2618 1090 2703 que
1118 2586 1349 2707 asangninis
1370 2596 1517 2676 effluxu
1541 2591 1662 2675 oritur
1690 2618 1760 2702 per
1784 2616 1923 2703 aquam
1944 2587 2148 2676 confertim
2160 2586 2387 2679 affirsamite·

1003 2732 1090 2789 rum
1118 2708 1247 2807 ablui,
1279 2704 1465 2822 fibrisque·
1481 2712 1592 2793 color
1615 2710 1778 2791 omnino
1805 2703 1991 2792 candidus
2027 2703 2139 2794 reddi
2164 2706 2301 2818 pollit3
2338 2714 2407 2795 ita·

1004 2845 1050 2905 ut
1078 2850 1160 2907 non
1189 2826 1313 2907 minus
1340 2826 1474 2909 colore
1491 2852 1610 2941 quam
1630 2823 1867 2915 confidentia
1893 2823 2069 2908 tendines
2087 2824 2326 2916 emulentun
2350 2834 2389 2911 dc

1004 2966 1139 3025 revera
1174 2937 1278 3024 fibrae
1313 2941 1514 3025 tendinum
1542 2942 1638 3026 nihil
1669 2941 1783 3024 aliud
1798 2938 1903 3040 lunt,
1937 2965 2056 3049 quarn
2088 2941 2391 3030 continuationes

1003 3048 1289 3145 musculatium,
1322 3057 1441 3168 inque
1471 3084 1522 3142 co
1546 3053 1632 3143 solo
1650 3056 1857 3154 differunt,
1888 3054 1999 3168 quod
2018 3054 2089 3140 illa
2116 3058 2252 3139 armus
2279 3083 2390 3169 qnam

1002 3173 1061 3257 hac
1088 3175 1194 3278 juxta
1212 3164 1248 3255 le
1268 3198 1485 3282 ponuntur,
1516 3180 1557 3258 δι
1586 3174 1750 3286 proinde
1768 3170 2011 3287 sanguinem,
2036 3170 2103 3254 nili
2122 3196 2306 3285 qnatrtunr
2319 3170 2396 3257 inf·⁴

1002 3286 1085 3372 licit
1112 3284 1164 3369 ad
1191 3288 1443 3377 nutritionem
1454 3312 1470 3387 ‚'
1498 3294 1540 3375 in
1569 3292 1766 3373 interstitia
1788 3286 1852 3373 sua
1882 3318 1964 3373 non
1987 3287 2215 3373 admittunt:
2240 3289 2329 3373 hinc
2350 3290 2395 3378 fit

1001 3400 1114 3518 qnod
1136 3404 1175 3483 in
1194 3426 1305 3485 motu
1322 3398 1592 3489 Mnsculorunr
1611 3405 1788 3495 tendines
1807 3433 1891 3495 non
1908 3406 2088 3499 inflentur
2106 3412 2147 3494 δι
2166 3406 2397 3500 abbreviem

1002 3542 1085 3621 uu,
1115 3511 1183 3605 sed
1204 3544 1309 3609 mete
1328 3517 1469 3634 paffive
1490 3516 1530 3609 se
1549 3520 1739 3610 habeant..

1490 3730 1732 3826 ,Η

1057 3946 1191 4039 Notat
1208 3946 1515 4039 B'oRELtus
1538 3956 1562 4048 †'
1583 3948 1696 4037 fibras
1714 3944 1941 4039 mulcul‘ares
1965 3952 2054 4064 poli
2071 3952 2321 4041 elixati‘onem
2334 3955 2396 4039 in·

996 4069 1102 4166 llari,
1136 4074 1175 4152 δι
1205 4062 1461 4179 microscopio
1481 4062 1663 4180 inspectas
1692 4066 1766 4154 elle
1796 4070 2020 4158 columellas
2050 4068 2186 4156 similes
2215 4073 2393 4185 virgultis

995 4184 1202 4293 arborum,
1233 4188 1272 4265 δι
1303 4178 1508 4269 substantia
1531 4183 1700 4297 quadam
1721 4178 1923 4300 spongiola
1948 4188 2102 4301 plenass
2134 4218 2182 4275 ex
2203 4218 2284 4305 qno
2298 4218 2393 4273 con·

992 4302 1077 4411 jicit
1100 4299 1314 4499 quamlibet
1339 4300 1479 4407 ¹fibram
1515 4294 1763 4437 mulcularem
1797 4300 1870 4389 else
1894 4300 2083 4441 ‘porosum
2095 4368 2109 4407 ‚
2135 4300 2200 4390 seu
2231 4298 2411 4442 excaeca-⁶

900 4488 909 4505 ’
993 4441 1143 4617 {illas
1166 4419 1495 4633 illeille
1508 4411 1790 4621 {illidit
1810 4421 2146 4653 lilltll’ql}
2164 4420 2269 4625 ‘llll
2305 4452 2399 4625 ll:

992 4646 1097 4733 tibus
1126 4670 1320 4735 texturam
1340 4653 1581 4737 reticularem
1601 4648 1751 4737 efficere
1783 4650 1968 4739 vid'entur
1980 4712 1997 4753 ‚
2027 4652 2200 4769 idquod‘
2214 4659 2254 4740 in
2337 4651 2399 4741 us-

994 4760 1090 4847 culis
1112 4760 1181 4851 diu
1202 4767 1343 4869 cottis,
1375 4796 1457 4857 non
1487 4766 1568 4859 fine
1583 4768 1910 4873 oblectamento„
1929 4766 2069 4860 videre
2094 4774 2175 4861 ella
2207 4767 2316 4859 hasce
2348 4770 2396 4857 fi-

1546 4984 1551 4993 ,
2230 4890 2365 4978 brillas
2376 4948 2410 4992 „

1075 4990 1097 5027 ⁴¹
1113 4996 1200 5058 arm.
1228 4998 1357 5078 Myolog.
1383 5002 1452 5076 spec.
1478 4991 1543 5065 nef.
1570 5020 1596 5062 r.
2316 4996 2322 5006 ’

1076 5072 1179 5157 ibib.
1197 5078 1621 5149 annumeratione
1643 5081 1726 5167 Peon
1738 5078 1774 5151 ll.
