5500 6884
579 764 1644 914 :nrnnnr'rruurrrouu
1790 843 1839 924 23

464 1013 588 1078 aarum
603 989 666 1072 ,ἄν
688 991 731 1072 de
749 1013 843 1073 navo
856 992 1023 1096 generari
1036 985 1156 1100 poffltr
1188 981 1274 1093 post
1297 976 1403 1066 varia
1424 985 1591 1096 namque
1605 985 1845 1097 experimen«.

465 1129 509 1193 ta
526 1135 609 1220 quae
631 1103 744 1206 fecit,
777 1101 974 1192 concludit
1012 1099 1195 1197 tandem,
1226 1097 1328 1191 hunc
1364 1109 1517 1198 a‘e'rem,
1560 1095 1720 1212 spatium
1753 1095 1847 1201 ΕΗ

467 1246 745 1334 occupantem,
774 1248 907 1310 revera
928 1247 1009 1304 non
1031 1227 1159 1310 aeirem
1185 1211 1280 1313 elle,
1324 1209 1408 1300 sed·
1426 1211 1673 1308 solummodo
1715 1245 1845 1311 auram

466 1337 659 1452 quandam
686 1345 726 1424 δι
749 1337 932 1436 halitum,
963 1337 1032 1448 qui
1059 1364 1108 1420 ex
1122 1331 1287 1447 globulo
1310 1329 1352 1430 G
1374 1331 1425 1414 ab
1461 1335 1548 1428 astu
1580 1337 1770 1429 excitatus
1800 1337 1844 1418 in

466 1455 564 1540 rubo
585 1445 777 1546 ascenditr
808 1461 848 1540 δι
862 1451 910 1536 stc
922 1454 1095 1567 putavit,
1126 1443 1241 1562 ipsam
1263 1442 1504 1540 substantiam
1520 1450 1671 1564 globuli
1690 1453 1731 1536 in
1744 1451 1844 1534 hanc

461 1596 593 1656 auram
616 1572 775 1670 mutari,
807 1569 924 1654 sicuti·
938 1595 1039 1685 aqua
1059 1594 1083 1660 a
1104 1569 1231 1652 calore
1252 1568 1293 1652 in
1311 1591 1498 1678 vaporem
1521 1590 1700 1652 mutatur.
1768 1561 1846 1655 Ast

463 1684 671 1794 videmus,
702 1685 813 1798 quod
824 1713 953 1798 vvapor
965 1745 979 1786 ,
1009 1685 1282 1798 srcolligatur,
1321 1685 1461 1776 lterum
1495 1683 1537 1767 in
1570 1711 1709 1797 aquam
1748 1711 1843 1767 con-¹

461 1827 633 1890 verrauu
645 1815 675 1904 ,'
703 1797 858 1916 ejusque
892 1825 1064 1889 naturam
1086 1801 1249 1890 induat:
1281 1823 1371 1894 aura
1395 1823 1526 1892 autern
1559 1799 1638 1887 haec
1672 1800 1845 1888 manebit·

462 1943 576 2016 aura,
606 1945 678 2002 nec
697 1919 858 2028 amplius
870 1919 910 2000 in
928 1919 1124 2006 materiam
1134 1917 1284 2030 globuli
1304 1916 1554 2028 degenerabit
1578 1951 1588 1999 ε
1619 1917 1716 2028 quid
1735 1909 1844 2028 'ergo

464 2033 699 2120 dicendum?
714 2135 716 2140 ¹
730 2033 826 2122 nihil
846 2031 978 2133 aliud,
1009 2061 1125 2145 quam
1147 2031 1257 2144 quod
1283 2031 1439 2132 itaer,
1480 2027 1759 2132 condensatur,
1801 2034 1844 2126 in

464 2151 568 2264 poris
589 2149 741 2262 globuli
762 2153 838 2257 jam
856 2149 1115 2260 praeexistens,
1145 2173 1217 2236 nec
1239 2143 1290 2238 de
1313 2173 1422 2238 novo
1451 2171 1683 2260 generatus:
1724 2148 1844 2241 babet

494 2265 607 2375 uippe
628 2265 710 2350 vim
735 2259 837 2354 suurn
856 2265 1046 2354 clasticam
1057 2323 1071 2362 ,
1100 2287 1145 2350 ut
1166 2271 1231 2346 a'e'r
1255 2262 1455 2360 naturalisr
1487 2263 1596 2377 quod
1609 2271 1649 2348 dc
1671 2258 1749 2377 ipse
1774 2259 1843 2350 Cl.

461 2293 542 2464 l'ir
564 2405 645 2468 non
666 2373 789 2487 solum
810 2377 973 2494 fatetur,
1003 2373 1207 2469 sedetiam
1234 2380 1500 2490 experimento
1529 2378 1704 2492 quodam
1732 2409 1840 2475 corn·

457 2493 634 2609 probat:
665 2521 766 2584 anne
794 2519 923 2584 aurern
949 2493 1059 2580 datur
1081 2492 1186 2583 aliud
1216 2519 1353 2606 corpus
1367 2491 1527 2589 fluidum
1560 2500 1600 2578 δι
1625 2496 1666 2581 vi
1693 2496 1843 2589 elastica
1904 2511 1909 2518 ’

446 2609 688 2724 -pratditum,
718 2635 851 2724 practer
870 2615 1026 2700 a'e'rem?
1057 2611 1124 2696 vix
1143 2632 1254 2721 puto.
1286 2607 1291 2613 ’
1314 2605 1444 2702 Affert
1462 2610 1621 2722 quidem
1639 2613 1842 2712 rationem,

458 2753 529 2808 cur
551 2751 647 2810 aura
666 2728 754 2812 huic
772 2750 943 2814 natruarn
962 2726 1057 2814 a'e'ris
1077 2723 1346 2836 denegaveritr
1380 2725 1491 2838 quod
1510 2726 1693 2816 videlicet
1725 2755 1842 2839 expe-r

460 2841 597 2928 rientia
615 2843 774 2928 edotrus
794 2841 860 2943 iit,
891 2869 1020 2930 arnam
1042 2840 1257 2955 predictam
1282 2841 1371 2927 vitae
1404 2835 1624 2936 sustinenda
1655 2871 1735 2925 non
1767 2840 1843 2931 effe

458 2953 665 3044 idoneamr
692 2956 796 3068 quasi
818 2985 938 3056 vero,
969 2958 1061 3068 quia
1089 2957 1210 3042 vitam
1238 2982 1319 3038 non
1357 2949 1560 3055 sustentat,
1602 2959 1741 3042 iccirco
1777 2967 1842 3040 a’e'r

458 3097 545 3156 non
569 3067 689 3154 elletr
716 3069 893 3155 videmus
917 3065 1094 3176 &ipsum
1111 3065 1462 3178 athmclphaericum
1483 3073 1651 3155 nostrum
1678 3082 1805 3156 a'e‘rem
1826 3096 1877 3171 ,a

456 3206 641 3292 ternpore
663 3183 800 3294 pestis,
832 3209 912 3266 non
931 3176 1054 3264 solum
1072 3184 1160 3264 vitae
1183 3177 1404 3267 sustinendae
1426 3210 1507 3265 non
1531 3183 1717 3278 idoneum
1742 3181 1841 3286 else,

456 3293 526 3382 led
543 3291 693 3409 prorsus
716 3297 903 3386 noxium3
936 3321 1035 3380 anne
1059 3297 1199 3384 iccirco
1219 3319 1300 3380 turn
1327 3291 1437 3386 defiit
1469 3295 1543 3393 elle
1578 3306 1675 3395 a'e'ri
1715 3294 1843 3397 absur,

458 3411 555 3496 dum
577 3411 678 3498 foret
700 3412 777 3499 hoc
798 3409 938 3496 dicere.
998 3407 1101 3500 Non
1126 3409 1344 3520 negandum
1367 3412 1526 3526 quidem
1552 3417 1630 3516 est,
1659 3417 1700 3503 in
1719 3413 1843 3528 spatio

460 3523 553 3618 ΕΗ
575 3529 712 3614 multas
735 3527 825 3612 alias
869 3525 1064 3622 attitulas,
1121 3545 1229 3608 rater
1249 3535 1400 3625 adrem,
1429 3524 1635 3642 hospitarir
1667 3531 1841 3644 quaesor.

460 3639 545 3742 san,
576 3645 632 3730 ob
662 3553 914 3755 impetuolrim
944 3553 1232 3724 efferveldentiae
1260 3665 1439 3740 motum,
1480 3647 1531 3732 ab
1568 3642 1649 3756 ipso
1689 3649 1843 3759 liquore

459 3757 600 3860 acido,
630 3757 923 3869 velaglobulo,
955 3757 1119 3865 abrepta
1133 3760 1196 3853 dc,
1221 3781 1295 3838 una
1308 3767 1497 3844 cumaire
1507 3818 1523 3860 ,
1553 3754 1841 3848 sursumevediae

459 3872 611 3960 luerunt
635 3909 645 3958 r
669 3875 761 3957 hinc
774 3873 911 3955 mirum
937 3871 1107 3968 nonest,
1138 3868 1269 3954 firrlis
1289 3879 1376 3968 a'e'r,
1407 3872 1483 3960 istis
1504 3870 1760 3964 mlalmatibus
1779 3905 1840 3962 re-⁴

458 3987 603 4090 fertus,
635 3989 746 4073 &ab
771 3986 997 4072 animalibus
1032 3984 1205 4096 haustus,
1246 3981 1330 4094 ipsis
1359 3985 1481 4072 vitam
1511 3985 1733 4076 conservare
1759 4021 1841 4088 non

457 4105 609 4196 valeat3
641 4100 839 4218 praesertim
864 4129 951 4184 cum
976 4123 1127 4210 pateat,
1158 4104 1198 4182 &
1219 4091 1387 4212 spirirum
1409 4103 1521 4203 nitri,
1564 4112 1605 4188 δι
1636 4108 1840 4220 globulum

457 4219 624 4311 ferreum
644 4220 813 4331 (quibus
834 4211 902 4300 Cl.
927 4211 1002 4300 Vir
1022 4213 1229 4324 utebatur)
1259 4214 1389 4300 multis
1447 4221 1613 4305 articulis
1646 4224 1838 4336 impuris,

458 4344 499 4424 u
522 4335 629 4449 quast
647 4335 866 4432 venenatis,
897 4325 1059 4430 scatere,
1090 4358 1201 4443 quae,
1234 4329 1345 4443 fiper
1365 4245 1650 4444 regnationem
1667 4341 1770 4424 intro
1784 4326 1839 4423 ab

457 4447 676 4549 sumantur,
707 4446 857 4536 malfam
877 4441 1064 4558 sanguinis
1093 4445 1320 4557 inquinare,
1351 4474 1595 4564 mortemque
1615 4455 1838 4560 inducere,

458 4566 570 4654 facile
592 4589 769 4680 queantr
800 4561 949 4648 srforte
961 4621 974 4660 ,
1005 4563 1096 4644 loco
1123 4555 1268 4672 spiritus
1299 4563 1416 4661 nitri,
1455 4565 1682 4652 adhibuillet
1721 4573 1839 4660 alium

458 4681 651 4794 liquorem
671 4681 822 4766 acidum
844 4679 1134 4790 benigniorem,
1175 4703 1236 4760 ex.
1263 4703 1320 4790 gr.
1351 4669 1521 4790 spiritum
1554 4685 1723 4786 vitrioli,
1763 4695 1838 4790 δι,

458 4797 556 4884 loco
581 4797 729 4910 globuli
751 4795 884 4892 ferrei,
916 4789 1090 4878 sumstilet
1111 4792 1344 4892 terrestrem,
1384 4818 1428 4878 ur
1462 4797 1655 4884 innostro
1689 4805 1839 4917 expeti..

458 4937 617 5006 mentm
647 4911 784 5030 procul
807 4910 929 5000 dubio
953 4907 1220 4998 animalculum
1241 4907 1292 4998 ab
1312 4909 1492 5040 illo‘aire
1513 4941 1596 5004 non
1617 4918 1841 5027 interiilset,

1770 5059 1839 5134 out
