5500 6884
544 717 1486 823 Errnorrcrrnrurr.
1670 753 1753 838 521

274 881 528 985 tunciare,
563 917 669 972 cum
697 885 772 974 LA
792 884 977 975 H11c10
988 923 999 980 ;
1019 893 1086 1002 qui
1107 893 1188 996 ejus
1204 891 1259 974 rei
1282 883 1429 972 causam
1447 889 1570 996 rejicit
1579 887 1622 973 in
1635 889 1751 973 elon-

273 999 529 1108 gationem
585 1007 740 1090 metalli
777 1001 988 1092 mensuram
1019 1007 1129 1117 pedis
1179 1007 1248 1090 srbi
1288 1001 1512 1118 insculptam
1548 1009 1749 1120 gerentis,

273 1115 447 1222 quod,
496 1122 551 1203 in
604 1126 787 1240 regiones
817 1123 957 1210 calidas
989 1123 1235 1221 translatum,
1267 1125 1435 1236 aliquam
1464 1125 1752 1209 taresaitionem

273 1227 460 1338 passum
495 1234 671 1340 fuerit,
699 1239 804 1326 unde
834 1241 1046 1352 pendulum
1073 1243 1258 1326 collatum
1291 1269 1379 1323 cum
1405 1237 1576 1326 mensura
1611 1242 1750 1326 nonni-

273 1343 347 1426 hil
392 1351 596 1441 extensa
622 1356 826 1444 necessario
850 1359 1004 1442 brevius
1033 1361 1258 1470 apparuerit.
1306 1354 1475 1443 Nollem
1502 1360 1660 1472 quidem
1681 1387 1751 1441 ne·

277 1489 394 1573 gare
433 1473 582 1584 quod
611 1475 700 1559 huic
720 1473 957 1562 rarefactioni
985 1477 1130 1560 metalli
1160 1473 1306 1588 aliquid
1335 1470 1496 1558 adscribi
1526 1472 1669 1586 possets
1697 1474 1751 1559 est

279 1600 452 1668 tamen
490 1614 621 1674 extra
651 1591 949 1679 controversiam
985 1595 1319 1678 abbreviationem
1346 1593 1603 1702 pendulorum
1628 1618 1752 1704 prope

286 1724 593 1810 arquatorcrn
628 1737 766 1822 magna
797 1737 845 1794 ex
875 1733 983 1820 parte
1015 1710 1149 1796 deberi
1172 1711 1380 1794 imminutae
1406 1710 1583 1820 gravitati
1609 1736 1752 1820 corpo·

293 1841 429 1907 tumr
462 1828 713 1935 quocircae
742 1853 783 1910 te
810 1819 932 1926 esset,
965 1849 1009 1910 ut
1029 1851 1214 1943 quantum
1247 1826 1335 1908 huic
1362 1819 1433 1908 soli
1459 1823 1644 1909 debeatur
1678 1825 1753 1906 stu·

303 1928 438 2022 ‹liose
467 1939 762 2056 inquietetur,
801 1942 912 2058 quod
942 1943 1207 2054 meoiudicio
1236 1971 1317 2028 non
1343 1943 1445 2032 adeo
1468 1939 1560 2031 esset
1583 1939 1753 2032 difficile.

948 2152 1151 2248 XIII.

390 2358 621 2456 Calefado
651 2365 791 2458 scilicet
819 2379 906 2462 aire
929 2368 972 2460 in
999 2370 1133 2484 aliquo
1156 2371 1248 2456 loco
1272 2363 1431 2468 clauso,
1459 2371 1500 2451 in
1523 2396 1606 2483 quo
1634 2383 1754 2485 expe&

322 2479 565 2572 timentum
603 2492 879 2590 institueretur,
911 2491 962 2578 ad
993 2515 1141 2574 certum
1169 2483 1287 2600 usque
1321 2490 1457 2571 caloris
1483 2488 1645 2600 gradum
1676 2513 1756 2602 ope

330 2595 628 2692 thermometri
658 2609 952 2700 annotandumr
981 2605 1153 2690 translata
1184 2608 1316 2718 postea
1344 2606 1484 2690 eadem
1512 2607 1673 2718 regula,
1704 2601 1756 2689 ad

333 2743 471 2825 quarn
503 2725 543 2808 in
571 2725 705 2807 nostris
737 2725 959 2836 regionibus
988 2723 1147 2834 penduli
1182 2721 1389 2836 longitudo
1417 2720 1490 2804 suit
1521 2717 1754 2822 mensurata,

294 2939 295 2943 Ν
335 2830 385 2914 in
413 2840 625 2950 regionem
655 2845 839 2952 aequatori
870 2844 1063 2940 vicinam,
1095 2841 1136 2923 in
1173 2843 1279 2946 cujus
1318 2841 1411 2921 loco
1452 2839 1585 2950 aliquo
1618 2836 1756 2922 itidem

341 2947 512 3056 clauso,
536 2961 622 3054 aet,
647 2983 725 3068 ope
753 2951 921 3063 ejusdem
945 2957 1212 3040 thermometri
1238 2955 1289 3038 ad
1316 2951 1487 3039 eundem
1513 2955 1648 3038 caloris
1671 2981 1757 3066 gra-

342 3063 449 3152 dum
471 3096 767 3186 attemperatus,
794 3075 1017 3158 conciliabit
1046 3075 1182 3186 utique
1200 3073 1382 3170 metallo,
1412 3099 1492 3184 quo
1523 3066 1757 3157 mensuretur

345 3189 599 3294 pendulum,
637 3187 804 3274 eundem
835 3188 1092 3275 rarefaaionis
1123 3187 1307 3300 gradum,
1338 3217 1456 3301 quem
1488 3188 1660 3272 obtinuit
1693 3187 1758 3270 hic

348 3301 459 3396 locis
488 3304 514 3388 st
539 3333 616 3419 qua
637 3305 850 3390 differentia
865 3307 1008 3393 deinde
1022 3302 1059 3390 se
1072 3305 1255 3416 proderet
1280 3306 1319 3389 in
1346 3303 1605 3416 pendulorum
1624 3295 1755 3386 utrius-

351 3446 438 3531 que
473 3424 553 3506 loci
578 3423 851 3534 longitudine,
890 3452 976 3509 earn
1010 3447 1114 3508 certe
1145 3425 1352 3506 imminuta
1383 3423 1579 3534 gravitatis
1615 3421 1758 3505 astioni

295 3537 298 3546 ’
354 3557 453 3618 tunc
474 3538 587 3623 unice
613 3534 900 3622 adscribendam
923 3539 1028 3638 else,
1069 3569 1186 3624 nemo
1209 3598 1222 3636 ,
1259 3541 1326 3650 qui
1348 3538 1429 3622 hac
1449 3539 1651 3648 intelligit,
1684 3537 1758 3617 du-

294 3699 295 3702 ¹
354 3649 534 3740 bitabit:
578 3654 690 3766 quod
729 3657 833 3740 enim
865 3652 1077 3743 H1R1Us
1109 3650 1272 3737 somniat
1309 3655 1456 3755 metalli
1495 3652 1759 3738 extensionem

359 3796 523 3884 quoque
553 3769 636 3856 fieti
664 3769 769 3882 polle
793 3799 860 3882 per
884 3801 1048 3884 vapores
1082 3775 1122 3854 dc
1153 3769 1291 3852 balitus
1314 3771 1469 3852 metalla
1488 3789 1756 3880 penetrantes,

294 3919 297 3936 >
361 3889 503 3991 quibus
540 3899 607 3972 aar
638 3891 678 3972 in
702 3884 820 3972 Zona
844 3891 989 3976 torrida
1016 3889 1186 4002 inprimis
1207 3881 1371 3988 scateat,
1402 3885 1507 3974 nulla
1531 3887 1609 3972 hoc
1631 3908 1758 3982 arten«,

362 3997 473 4090 tione
502 4003 662 4120 digmun
688 4005 836 4112 judico.

968 4145 1150 4238 XIV.

427 4353 655 4444 Illusttantut
678 4383 762 4472 quae
782 4359 963 4444 haetenus
985 4359 1172 4463 diximus,
1206 4362 1257 4448 de
1279 4351 1415 4448 effectu
1441 4360 1649 4446 imminuta
1673 4369 1759 4468 gta·'

369 4477 517 4576 vitatis,
541 4505 608 4588 per
637 4479 898 4590 experimenta
927 4480 1052 4588 primo
1082 4481 1289 4593 globorum
1313 4475 1422 4589 super
1450 4481 1571 4592 planis
1594 4473 1784 4574 declivi,

373 4593 442 4680 bus
462 4593 683 4706 postorum.
749 4589 857 4678 Cum
885 4597 1020 4696 enirn,
1072 4625 1119 4682 ex
1149 4597 1354 4682 demonstr.
1385 4589 1539 4683 Theor.
1559 4590 1579 4676 Ι
1603 4597 1643 4674 dc
1663 4584 1757 4690 Ill,

377 4713 431 4796 vis
459 4713 652 4824 gravitatis
688 4707 860 4796 absoluta
888 4707 925 4798 se
952 4712 1093 4796 habeat
1126 4716 1176 4802 ad
1204 4719 1283 4799 vim
1313 4742 1390 4828 qua
1424 4714 1570 4800 mobile
1602 4701 1760 4792 descen-

381 4825 451 4914 sum
480 4831 635 4912 molitur
667 4825 871 4932 secundum
903 4829 1169 4916 declivitatem
1203 4835 1335 4945 plani,
1373 4855 1418 4915 ut
1449 4833 1546 4916 sinus
1573 4853 1678 4915 totus
1709 4821 1760 4904 ad
1797 4798 1926 4944 XTffi

383 4947 489 5034 sinum
509 4945 776 5031 declinationis
800 4949 903 5052 ejus;
920 4945 1121 5032 Sumantur
1136 4951 1216 5033 duo
1230 4951 1410 5064 pendula,
1431 4981 1597 5064 quorum
1608 4943 1758 5055 longius
1802 4967 1864 5041 ng.
1885 4981 1913 5039 1,

435 5065 535 5176 Jotttt.¹
547 5061 729 5180 Btsmust'
744 5062 866 5181 Opera
877 5075 997 5156 omnia
1028 5061 1155 5180 Tum,
1178 5063 1211 5158 Ι.
1290 5101 1294 5110 ·
1374 5063 1464 5159 Vv
1479 5099 1509 5152 v
1709 5052 1762 5158 ad
