5500 6884
952 1582 2261 1786 JJonnnmrsueunoonn1

941 1863 1172 1986 hoestigaetio
1201 1867 1402 1982 algebraei'cae
1429 1897 1578 1950 arcuum
1613 1865 1900 1952 Parabolicorum
1937 1869 2144 1978 afflgnataem
2183 1863 2341 1977 interf&

1431 1992 1604 2069 rationem
1626 1984 1844 2069 habentium.

951 2075 955 2081 ι
1039 2139 1302 2250 Demanslratio
1332 2136 1574 2251 sficbrenismi
1603 2136 1841 2250 Descenfirum
1871 2148 1911 2220 in
1941 2079 2127 2256 Cyclairie,
2161 2142 2225 2222 &c

752 2467 806 2526 ⁸¹²·
819 2463 895 2547 ¹¹⁰ss·
1013 2485 1052 2561 δι
1081 2475 1352 2589 quadraturam
1370 2467 1476 2586 spatii
1505 2473 1749 2586 hyperbolici
1774 2493 1946 2555 mutuam
1967 2473 2252 2576 connexionem
2266 2469 2334 2551 ha-

750 2551 906 2709 {ssim
934 2593 1055 2685 bere's
1077 2596 1259 2706 novimus
1285 2593 1403 2675 etiam
1429 2619 1533 2674 areas
1553 2590 1845 2702 hyperbolicas,
1876 2590 1976 2672 inter
2005 2583 2184 2699 asymtoti
2208 2587 2330 2700 appli-

749 2710 823 2768 en.
860 2767 864 2774 -
935 2737 1037 2800 catat
1067 2704 1274 2796 secundum
1305 2707 1606 2821 progreffionem
1640 2707 1916 2820 geometricam
1949 2704 2227 2817 procedentes,
2259 2699 2333 2789 effe

894 2878 902 2893 ·
932 2829 1119 2944 equaless
1147 2827 1258 2940 quod
1283 2829 1423 2936 pariter
1454 2825 1749 2938 intelligendum
1770 2823 1822 2908 de
1847 2821 1931 2933 ipfis
1961 2816 2163 2936 segmentis
2191 2823 2332 2934 hyper·

931 2947 1096 3046 noricis,
1126 2945 1270 3060 quibus
1291 2945 1364 3028 iflae
1401 2969 1497 3028 arere
1528 2939 1753 3054 atrapeziis
1780 2941 1983 3026 restilineis
2009 2937 2216 3022 deficiunt:
2249 2935 2331 3023 srmt

910 3056 1037 3152 'enim
1068 3065 1185 3148 etiam
1205 3063 1285 3146 hac
1305 3063 1474 3174 trapezia
1497 3061 1689 3145 retrilinea
1708 3063 1807 3144 inter
1832 3051 1869 3141 se
1890 3057 2061 3171 aequalia.
2105 3053 2228 3143 Unde
2249 3085 2329 3141 non

842 3246 846 3253 .
930 3181 1134 3266 difficulter
1155 3179 1207 3264 ad
1226 3178 1442 3292 assignatam
1464 3205 1589 3262 aream
1608 3177 1922 3293 hyperbolicam,
1945 3177 2044 3257 inter
2067 3169 2246 3285 asymtoti
2262 3203 2327 3294 ap·

930 3298 1089 3407 plicatos
1129 3291 1465 3407 comprehensam,
1495 3289 1659 3380 inveniri
1681 3295 1768 3408 post
1795 3293 1868 3376 alia
1902 3291 2124 3401 hujusmodi
2160 3320 2246 3376 area
2286 3294 2327 3374 in

927 3412 1019 3496 data
1047 3415 1211 3497 ratione.

991 3522 1123 3635 Qrod
1153 3506 1316 3641 frigitur
1337 3529 1539 3638 portiones
1565 3518 1708 3610 Curvae
1733 3523 2021 3635 parabolicaein
2052 3526 2186 3612 eadem
2207 3521 2325 3612 essent

927 3647 1080 3731 ratione
1110 3671 1199 3729 cum
1228 3645 1304 3728 istis
1322 3645 1447 3742 areis,
1480 3640 1630 3756 oppido
1655 3642 1795 3728 fanum
1825 3641 2051 3728 haberemus
2080 3643 2190 3757 quod
2220 3673 2322 3757 quae·

923 3766 1068 3852 rimusr
1102 3763 1179 3846 hoc
1199 3763 1276 3862 est,
1307 3789 1330 3845 a
1353 3760 1448 3844 dato
1475 3761 1617 3874 quovis
1641 3763 1681 3844 in
1704 3745 1894 3847 Parabola
1925 3765 2092 3874 punito,
2123 3765 2163 3846 in
2193 3789 2321 3875 prom·

923 3903 971 3964 tu
996 3874 1087 3966 esset
1112 3881 1238 3965 statim
1262 3874 1430 3964 resecare
1448 3903 1600 3978 arcum,
1631 3881 1698 3991 qui
1724 3877 1884 3961 haberet
1907 3877 1958 3962 ad
1977 3881 2093 3964 alium
2111 3879 2243 3964 *darum
2262 3906 2321 3969 ro·

925 3997 1076 4084 tionem
1105 3995 1247 4081 datam.
1307 3992 1462 4082 Verum
1490 3998 1692 4080 enimvero
1727 3996 1929 4106 portiones
1960 3992 2102 4080 Curvae
2130 3997 2318 4108 paraboli-

924 4137 1003 4212 eae,
1034 4116 1124 4197 lieet
1145 4113 1372 4227 generaliter
1402 4112 1576 4196 dicantur
1594 4141 1663 4223 per
1685 4110 1952 4226 quadraturim
1972 4109 2215 4226 Hyperbolae
2238 4143 2318 4200 rec·

923 4226 1083 4331 tificari,
1110 4259 1191 4314 non
1221 4254 1350 4314 tamen
1375 4229 1452 4313 istis
1474 4231 1572 4314 areis
1596 4231 1695 4314 inter
1721 4231 1927 4342 applicatas
1944 4227 2122 4343 asymtoti
2150 4261 2312 4344 propor-

859 4393 863 4400 -
923 4347 1065 4432 tionari
1094 4342 1272 4460 possunt,
1311 4339 1378 4432 sed
1420 4345 1504 4430 aliis
1529 4347 1626 4432 areis
1658 4347 1938 4460 comprehenso
1979 4350 2077 4434 inter
2105 4351 2308 4462 applicatas

921 4467 1002 4547 axis
1017 4466 1240 4578 conjugati:
1260 4462 1314 4546 ast
1331 4464 1389 4569 har
1416 4491 1533 4562 areae,
1559 4487 1603 4550 ut
1625 4466 1751 4552 alterae
1778 4466 1874 4564 islae,
1905 4465 2004 4550 inter
2024 4461 2062 4550 se
2074 4471 2214 4582 aquari
2234 4495 2312 4552 non

918 4577 1093 4693 possunt,
1124 4579 1194 4666 nist
1208 4581 1325 4679 ¹binc
1351 4603 1523 4682 rantum,
1555 4581 1785 4696 &quidem
1818 4581 1984 4666 hmiliter
2015 4585 2112 4668 ultra
2143 4588 2311 4698 citraque

918 4718 1032 4780 axem
1052 4693 1215 4784 sumtar
1244 4698 1350 4786 unde
1370 4699 1488 4784 etiarn
1506 4702 1719 4812 contingit,
1751 4723 1794 4781 or
1813 4699 2038 4810 impoffibile
2069 4701 2113 4786 srt
2135 4701 2229 4787 dato
2251 4729 2305 4785 ar·

916 4811 981 4895 cui
999 4817 1352 4925 parabolicoalium
1366 4817 1575 4932 aqualem,
1600 4813 1665 4904 sed
1680 4814 1919 4930 ‘dissrmilen'm
1947 4815 2180 4904 abscindere.
2210 4813 2310 4910 Hoc

913 4929 1027 5022 thim
1058 4930 1086 5018 fi
1114 4931 1198 5025 steri
1221 4931 1346 5050 posset
1353 4995 1369 5039 ,
1398 4930 1514 5050 ipsam
1542 4965 1703 5054 quoque
1735 4934 2049 5028 testificationem
2081 4933 2305 5034 Parabolae,

2211 5047 2306 5170 Hu-

749 2377 828 2450 'Aaa
845 2386 916 2450 nro
934 2320 1095 2576 JAM
1118 2352 1186 2442 diu
1219 2359 1273 2442 est
1303 2355 1415 2470 quod
1445 2357 1625 2440 novimus
1655 2351 1916 2462 extensronem
1939 2347 2085 2438 Cmvae
2107 2351 2336 2466 parabolica
