5500 6884
888 790 1581 1070 nuntronio?
1591 794 2288 1079 zostentatorum

1372 1179 1453 1276 N0.
1513 1178 1795 1276 XXXV.

1002 1409 2161 1535 JOHANNISBERNOULLI

917 1595 922 1608 ’
992 1696 996 1701 ,
1153 1598 1217 1685 De
1242 1592 1455 1685 comicum
1479 1593 1526 1690 ό*
1555 1592 1806 1709 Spbmtdrbus
1837 1598 2007 1709 quedam.

883 1812 1019 1903 Sentio
1041 1810 1241 1928 mantua
1256 1808 1543 1925 AEquaetr'misin
1566 1806 1679 1981 Allip
1708 1806 1784 1899 A⁰.
1815 1829 1936 1918 1695,
1957 1840 2043 1930 pag.
2078 1842 2170 1927 553.
2188 1838 2274 1930 pto·

1030 2044 1293 2133 Notarium&
1315 2055 1356 2130 in
1377 1928 1635 2158 ResporXXZm
1659 2075 1683 2128 a
1710 2041 1804 2132 Nob.
1830 2040 1891 2133 D.
1914 2043 1973 2137 T.
1997 2072 2126 2162 nupero

1318 2159 1520 2248 Novembri
1542 2167 1696 2255 editam,
1726 2166 1843 2262 †&c.
2064 2184 2068 2191 “

693 2413 773 2513 'arua
787 2418 860 2481 aru·
1015 2395 1140 2499 Uod,
1161 2394 1201 2485 in
1217 2397 1329 2487 Attis
1349 2380 1586 2487 Erudstorum
1601 2394 1714 2508 mensi
1740 2394 1847 2496 Iunio
1866 2388 2066 2511 superioris
2089 2394 2220 2501 Anni,
2246 2418 2268 2505 i

693 2501 820 2656 ‘'gf‘'
1036 2512 1675 2633 deConoidum&Sphaeroidum
1695 2510 1960 2630 superficiebus
1982 2518 2269 2630 complanandis

697 2666 786 2737 ¹⁶97·
1038 2634 1247 2737 insinuavi,
1272 2640 1313 2721 in
1347 2634 1502 2721 transitu
1520 2636 1629 2722 velut
1656 2636 1876 2749 attigeramr
1907 2662 2035 2749 neque
2057 2638 2139 2743 ejus
2160 2660 2267 2720 men·

693 2738 856 2820 mmm
871 2748 1026 2835 tionem
1051 2748 1257 2869 injecissem
1285 2753 1471 2867 publice,
1502 2751 1595 2851 niti,
1615 2754 1714 2837 inter
1738 2744 2006 2851 scribendum,
2032 2754 2073 2834 in
2097 2776 2267 2835 mentem

696 2836 765 2897 ¹¹³⁹
876 2865 973 2947 mihi
998 2864 1185 2955 incidisstt
1213 2870 1368 2985 elegans
1394 2871 1460 2955 illa
1490 2871 1581 2954 coni
1606 2870 1698 2952 recti
1727 2871 1966 2981 proprietas,
1996 2892 2114 2980 quarn
2139 2868 2267 2979 publi·

873 3006 926 3064 co
955 2976 1249 3095 impertiendam
1278 2984 1394 3077 duxit
1429 2980 1707 3069 subindicando
1739 2982 1847 3067 strnul
1884 2981 2067 3083 fontem,
2101 3011 2150 3069 ex
2185 3012 2265 3098 quo

873 3095 1031 3183 fluebat.
1089 3093 1156 3183 Est
1176 3126 1274 3185 veto
1303 3101 1462 3185 materia
1483 3102 1551 3184 illa
1580 3100 1698 3199 talis,
1726 3099 1767 3184 in
1797 3125 1875 3213 qua
1909 3099 2125 3187 excolenda
2147 3128 2264 3187 nemo

872 3214 976 3298 male
1007 3209 1109 3299 suam
1139 3243 1298 3329 operam
1326 3216 1567 3309 collocabit3
1596 3214 1765 3301 eruenda
1787 3218 1891 3301 enim
1919 3219 2057 3301 restant
2087 3219 2262 3330 egregiar

580 3328 589 3343 ’
741 3358 754 3375 “
869 3333 936 3415 tui
964 3332 1022 3421 tei
1048 3330 1168 3417 fidem
1189 3332 1325 3419 faciam
1351 3361 1485 3431 novo,
1512 3338 1552 3414 &
1578 3328 1702 3431 sacili,
1729 3324 1794 3416 sed
1817 3334 1983 3447 eleganti
2011 3334 2261 3419 theoremate.

690 3486 774 3554 m,
789 3486 855 3556 lx.
872 3439 968 3530 Esto
1003 3449 1120 3531 c'urva
1148 3443 1419 3562 qualiscunque
1448 3442 1589 3535 ΑΒΕ
1622 3449 1886 3533 convertenda
1916 3454 2015 3535 circa
2044 3450 2142 3535 duos
2175 3474 2265 3536 axes

688 3570 746 3633 uo.
873 3556 991 3664 DE,
1018 3568 1058 3647 δι
1084 3556 1183 3663 DF,
1211 3565 1484 3653 constituentes
1508 3592 1779 3681 quemcunque
1808 3568 1989 3680 angulum
2018 3560 2167 3658 auf.
2204 3566 2263 3652 lit·

686 3650 816 3721 xxxv·
875 3707 953 3794 que
978 3682 1081 3768 rena
1106 3676 1263 3769 GDH
1287 3679 1608 3796 perpendicularis
1641 3679 1692 3767 ad
1722 3684 1863 3769 lineam
1888 3686 2070 3799 angulum
2096 3684 2263 3773 eundem

873 3790 1106 3884 bisecantem
1118 3859 1132 3899 ,
1161 3801 1224 3885 cui
1245 3800 1423 3914 parallelo
1448 3795 1533 3887 EF.
1556 3794 1667 3887 Dico
1686 3794 1944 3913 superficiem,
1970 3830 2055 3916 quae
2073 3802 2193 3886 oritur
2214 3832 2262 3889 cx

871 3915 1124 4001 conversione
1146 3943 1270 4001 curvae
1291 3911 1432 4002 ΑΒΕ
1456 3920 1556 4000 circa
1579 3912 1694 4017 DE,
1726 3944 1803 4001 una
1833 3946 1922 4002 cum
1954 3914 2148 4031 superficie
2177 3944 2262 4005 otta

837 4042 844 4051 '
870 4056 921 4113 ex
944 4032 1194 4118 conversione
1218 4026 1390 4143 ejusdem
1420 4028 1561 4120 ABC
1590 4034 1688 4117 circa
1711 4029 1819 4134 DF,
1847 4030 1921 4121 esse
1946 4033 1998 4118 ad
2025 4034 2260 4148 superficiem

868 4138 989 4231 solnm
1016 4152 1186 4261 genitam
1214 4180 1263 4236 ex
1295 4152 1643 4237 circumvolutione
1679 4179 1803 4237 curvae
1832 4146 1973 4238 ΑΒΕ
2001 4154 2100 4237 circa
2138 4148 2257 4247 GH.

865 4288 912 4349 ut
936 4254 1012 4351 EF
1034 4264 1085 4349 ad
1110 4260 1214 4355 ED.
1241 4262 1351 4353 ldem
1374 4269 1548 4384 intellige
1576 4270 1693 4355 etiam
1724 4266 1775 4355 d'e
1801 4264 1954 4371 solidis,
1983 4298 2068 4384 quae
2093 4268 2190 4353 fiunt
2211 4298 2259 4357 ert

864 4382 1098 4585 r
1117 4384 1369 4587 {titur
1383 4378 2257 4593 irruit.{Saturnum-5³2

858 4520 979 4711 ἴέἂί,
1010 4643 1122 4703 erunt
1158 4530 1243 4705 (iure
1276 4532 1547 4711 coiieriones
1585 4564 1683 4707 cirta
1722 4648 1813 4708 axes
1844 4532 1968 4723 DX,
1997 4616 2116 4723 DF,
2146 4560 2256 4707 stin-ui

859 4730 1024 4841 equales
1044 4736 1286 4826 conversroni
1309 4742 1410 4827 circa
1434 4736 1552 4829 GH:
1586 4742 1742 4857 reliquis
1765 4768 1864 4831 veto
1887 4738 2112 4843 incastbus,
2138 4737 2164 4823 i
2188 4736 2253 4823 fiat

2140 4880 2256 4941 curva

896 4963 915 4999 ‘
934 4969 960 5031 n
979 4966 1076 5032 Fratre
1090 4974 1157 5049 Jut.
1176 4974 1586 5069 Bntvovntrofl

895 5048 918 5121 †
936 5048 1028 5131 Supra
1048 5051 1100 5116 ΝΟ.
1118 5056 1236 5132 preced.

887 5128 977 5210 4N0·
996 5130 1099 5201 XXX
1114 5154 1182 5219 vv.
