5500 6884
467 734 663 842 yur
715 731 1609 884 ruumrurntruun
1733 761 1791 859 η

410 906 639 1012 ilaeitatemr
671 913 824 1014 hinc,li
847 939 933 998 cum
957 912 1127 1026 impetu,
1155 903 1282 1026 versus
1301 907 1407 998 aliud
1420 941 1585 1026 corpus,
1617 906 1786 1026 quode-

411 1030 534 1131 tiamsr
553 1060 632 1114 non
650 1031 790 1115 habeat
810 1034 891 1114 vim
914 1029 1125 1140 clasticam,
1155 1029 1394 1112 imitamen
1416 1055 1498 1113 non
1531 1028 1665 1129 cedat,
1704 1034 1788 1143 pel-

410 1144 535 1243 latur,
565 1143 706 1231 eo'dem
718 1149 864 1257 impetu
876 1139 1013 1231 iterum
1035 1143 1118 1255 (ob
1129 1143 1255 1228 adrem
1269 1143 1307 1226 in
1338 1141 1444 1256 poris
1461 1147 1597 1259 aequali
1615 1148 1680 1243 vi,
1711 1171 1789 1259 qua

409 1286 479 1370 per
502 1263 617 1344 idiurn
637 1259 863 1374 comprelsus
884 1264 960 1358 est,
989 1253 1063 1344 sese
1083 1259 1395 1366 extendentem)
1426 1261 1714 1372 retropelleturt
1746 1269 1788 1345 δι

409 1375 488 1456 hoc
510 1403 648 1488 corpus
666 1377 742 1478 est,
772 1376 881 1490 quod
902 1372 1011 1489 supra
1026 1373 1192 1486 perfecte
1214 1377 1405 1461 clasticum
1417 1379 1660 1488 nuncupavi,
1691 1404 1786 1488 qua·

410 1489 460 1572 lia
479 1484 562 1574 sunt
592 1489 734 1592 silices,
764 1496 887 1590 vitra,
918 1493 1110 1603 crystalla,
1141 1518 1300 1602 gemmae
1323 1497 1398 1575 &a
1432 1494 1564 1576 omnia
1603 1491 1788 1576 videlicet

375 1698 380 1710 ¹
406 1604 590 1711 duriora,
620 1635 705 1720 qua
730 1609 871 1692 malleo
889 1633 1131 1722 nequaquam
1149 1607 1392 1692 molliuntur:
1415 1635 1577 1719 corpora
1591 1636 1688 1691 vero
1702 1607 1782 1718 pla·

409 1747 459 1806 ne
487 1751 567 1805 non
597 1725 768 1824 clastica,
799 1748 842 1808 ut
862 1717 944 1808 sunt
965 1723 1190 1835 plumbum,
1218 1723 1421 1822 stannum,
1461 1730 1502 1808 δι
1534 1723 1562 1808 sr
1592 1750 1671 1834 qua
1700 1717 1785 1807 sunt

406 1833 596 1942 ejufinodi
615 1841 711 1947 alia,
731 1869 849 1951 poros
865 1842 918 1922 ita
940 1839 1083 1924 habent
1109 1833 1333 1952 dispositos,
1364 1862 1429 1936 ut,
1460 1837 1487 1922 sr
1509 1866 1532 1922 a
1556 1864 1784 1952 quacunque

408 1954 453 2034 vi
476 1953 632 2038 minima
656 1958 973 2068 comprimantur,
1003 1961 1093 2054 air,
1124 1955 1264 2039 inillis
1292 1948 1474 2054 inclusus,
1505 1981 1650 2039 novam
1685 1955 1784 2039 hanc

403 2067 633 2178 preffionem
655 2097 735 2156 non
755 2074 928 2182 patiens,
959 2071 1076 2154 latera
1103 2097 1287 2180 purorum
1311 2070 1444 2154 mollia
1461 2093 1700 2181 perrumpat,
1741 2075 1782 2152 δι

405 2185 447 2265 in
469 2212 599 2268 auram
617 2214 785 2298 apertam
806 2211 944 2274 exeatr
976 2187 1065 2296 hinc
1090 2185 1156 2285 lit,
1188 2209 1231 2270 ut
1249 2184 1329 2270 haec
1363 2213 1525 2296 corpora
1550 2189 1635 2297 post
1667 2188 1783 2269 ictum

399 2321 487 2396 ,non
514 2299 701 2402 resiliant,
732 2331 803 2388 nec
825 2304 1015 2414 pristinam
1038 2299 1196 2414 figuram
1217 2325 1463 2414 recuperent,
1496 2325 1539 2384 ut
1560 2301 1694 2385 videre
1727 2302 1783 2387 est

403 2441 456 2498 ex
473 2437 567 2499 nuta
585 2417 635 2500 ab
656 2419 732 2502 iliu
760 2417 846 2529 ipsrs
872 2419 1010 2502 inflidia
1029 2452 1039 2500 ι
1061 2417 1196 2502 dantur
1226 2411 1374 2528 insuper
1397 2444 1561 2529 corpora
1582 2413 1782 2528 imperfec-

404 2553 446 2614 te
472 2532 641 2636 clastica,
672 2559 715 2617 ut
732 2533 900 2632 ferrum,
930 2557 1151 2646 argentum,
1180 2557 1336 2632 aurum,
1368 2539 1410 2616 dt
1434 2533 1566 2616 onmia
1590 2531 1671 2620 fere
1697 2559 1779 2615 me·
1865 2594 1869 2603 .

399 2645 519 2746 talla,
549 2673 634 2760 quae
656 2649 815 2762 quidem
840 2645 1028 2748 refilium,
1061 2641 1124 2732 sed
1148 2647 1342 2733 celeritate
1361 2649 1570 2738 diminuta;
1602 2648 1679 2730 hoc
1713 2673 1781 2729 au·

400 2779 485 2844 tem
509 2763 599 2848 inde
617 2767 768 2865 evenit,
800 2767 912 2878 quia,
941 2765 1027 2874 post
1043 2765 1182 2865 idum,
1212 2765 1330 2878 aliqui
1355 2765 1466 2875 pori,
1503 2763 1559 2845 ob
1584 2761 1782 2847 infirmita·

395 2893 485 2961 tem
500 2879 681 2980 laterum,
711 2873 1013 2988 disrtunpuntur,
1043 2879 1162 2992 aliqui
1174 2907 1270 2966 vero
1284 2939 1298 2978 ,
1311 2873 1315 2884 ’
1328 2879 1384 2963 ob
1403 2877 1610 2962 firmiorem
1622 2905 1779 2976 nexum,

394 2977 780 3101 integri'servantun
812 2991 942 3073 omnia
960 2993 1116 3100 itaque,
1147 3021 1232 3104 quae
1259 2989 1366 3102 supra
1385 2993 1435 3075 de
1457 2995 1562 3076 mole
1592 2991 1780 3075 vesrculo-
1884 3052 1891 3058 -
1920 3041 1927 3049 x

394 3097 440 3188 sa
459 3099 561 3187 dicta
581 3101 688 3204 sunt,
720 3133 766 3192 ea
782 3107 922 3216 pariter
945 3111 984 3188 δι
1010 3105 1060 3186 de
1086 3107 1143 3186 his
1161 3107 1323 3216 intelligi
1345 3129 1506 3218 queunt.
1576 3104 1706 3213 Quod
1729 3105 1780 3191 ad

394 3241 553 3306 caeteras
575 3248 779 3330 corporum
806 3221 1042 3306 elasticitates
1077 3222 1240 3318 attinet,
1270 3248 1355 3330 quae
1389 3220 1573 3304 videlicet
1607 3224 1779 3305 oriuntur

396 3363 451 3423 ex
473 3335 738 3434 contorfione,
769 3335 1004 3432 inflexione,
1036 3332 1208 3418 tenfione
1232 3339 1308 3417 dte.
1326 3362 1464 3420 omnes
1488 3365 1541 3420 eae
1567 3337 1616 3420 ab
1640 3336 1778 3421 eadem

392 3446 509 3554 causa
530 3455 783 3562 proveniunt;
811 3449 930 3562 quia,
960 3451 1000 3530 irr
1019 3448 1198 3532 omnibus
1218 3449 1277 3532 his
1300 3451 1538 3550 aniomuus,
1570 3479 1777 3565 corporum

396 3569 488 3680 'pori
510 3569 770 3680 angustantur,
793 3566 962 3676 ideoque
989 3569 1028 3646 dc
1051 3573 1116 3646 air
1146 3560 1307 3648 inclusus
1346 3569 1628 3678 comprimitur;
1673 3567 1777 3651 unde
1867 3641 1870 3649 ,

391 3661 467 3766 illa
489 3685 528 3766 in
555 3684 747 3794 pristinum
775 3683 910 3764 statum
927 3669 1002 3764 sese
1024 3679 1243 3764 restituendi
1270 3681 1330 3763 vis
1363 3683 1506 3772 oritur;
1548 3683 1599 3764 de
1637 3682 1776 3792 quibus

396 3796 531 3910 'itaque
545 3799 651 3909 plura
673 3798 793 3882 verba
811 3795 934 3880 ficere
958 3791 1020 3876 hic
1034 3795 1215 3880 lubenter
1236 3787 1472 3906 supersedeo
1530 3791 1686 3879 Interim
1697 3798 1776 3902 jam

392 3915 594 4026 praevideo
613 3914 905 4020 objectionem:
937 3911 1049 4025 quod
1070 3939 1235 4022 nempe,
1263 3939 1350 3994 cum
1362 3939 1566 4022 corporum
1578 3913 1774 3996 elasticita-
1853 4006 1856 4013 ¹
1899 3961 1902 3965 J

400 4053 479 4112 tem
519 4029 707 4140 explicare
743 4029 957 4126 voluerim,
989 4025 1098 4140 ipsrus
1135 4029 1229 4110 a'eris
1260 4029 1319 4111 vis
1345 4028 1501 4110 elasticae
1522 4022 1666 4113 causam
1690 4051 1773 4111 tan-

401 4169 517 4256 quam
538 4147 731 4256 cognitam
756 4137 965 4255 posuerimt
998 4139 1108 4258 quod
1134 4143 1298 4254 cuipiam
1321 4143 1539 4241 videretur,
1569 4145 1634 4225 hoc
1656 4143 1718 4249 effe
1741 4151 1772 4224 i·

399 4263 477 4342 dem
494 4263 678 4370 peridem
702 4263 893 4368 explicare,
918 4258 1006 4357 vel,
1037 4283 1079 4343 ut
1099 4259 1209 4369 loqui
1237 4253 1524 4358 consuevimus,
1554 4260 1772 4367 idfirppone-

392 4405 437 4458 re
461 4379 624 4486 quodesl
646 4388 684 4460 in
705 4379 879 4489 quastione
901 4407 913 4452 :
944 4402 1080 4458 verum
1100 4373 1259 4488 quidem
1284 4377 1360 4474 est,
1392 4404 1439 4459 ex
1467 4376 1524 4458 his
1542 4370 1705 4457 *causam
1732 4401 1773 4462 e·

396 4490 521 4576 -laterii
544 4495 638 4576 a'e'ris
653 4487 830 4606 cognosci
850 4518 930 4574 non
942 4483 1069 4600 posset
1101 4491 1217 4604 longe
1232 4491 1334 4574 enim
1347 4491 1441 4574 alius
1460 4492 1513 4574 est
1542 4491 1642 4590 loci,
1657 4515 1774 4601 quarn

399 4631 446 4693 ut
465 4607 527 4690 hic
548 4635 632 4694 earn
659 4637 708 4692 ex
741 4607 882 4692 intimis
913 4630 1053 4692 naturae
1086 4604 1340 4717 penetralibus
1373 4607 1521 4718 prolixe
1549 4606 1770 4691 deducam:

394 4747 593 4824 attamen,
624 4753 712 4808 cum
735 4728 775 4808 in
794 4721 997 4830 jucundam
1015 4721 1111 4806 hanc
1130 4717 1425 4835 speculationem
1465 4722 1591 4805 obiter
1626 4721 1772 4806 incide·

394 4843 499 4954 tim„
522 4841 722 4928 ostendere
735 4839 843 4960 volui
853 4899 868 4941 ,
898 4866 980 4962 quo
997 4841 1110 4964 padio
1131 4840 1190 4922 vis
1209 4838 1357 4926 elastica
1375 4839 1557 4952 omnium¹
1568 4860 1773 4957 corporum

1166 4947 1235 5043 ¹D
1296 4963 1362 5044 a'
1630 4951 1772 5066 ortgr-
