5500 6884
919 841 995 935 ns
1058 816 1451 943 rtaxxxvtt.
1515 815 1885 911 tvvavrro
1942 823 2185 917 arvam

922 990 1085 1091 volent,
1117 992 1158 1073 in
1192 985 1314 1072 verba
1345 986 1535 1098 magistrir
1568 981 1782 1081 videbunt,
1814 981 1841 1066 st
1878 1008 2025 1071 tentare
2055 992 2201 1087 velint,
2233 984 2320 1071 nos-

924 1137 1028 1195 trum
1057 1106 1262 1219 problema
1303 1103 1462 1185 minime
1499 1100 1668 1183 coerceri
1706 1106 1806 1183 intra
1838 1106 2016 1217 angustos
2046 1104 2319 1190 methodorum

923 1223 1072 1329 suarum
1093 1223 1258 1333 limites,
1289 1220 1359 1330 qui
1378 1247 1429 1302 eo
1453 1212 1569 1331 usque
1587 1240 1737 1301 tantum
1757 1212 1831 1303 sese
1849 1221 2085 1321 extendunt,
2104 1222 2152 1323 fi,
2185 1254 2233 1309 ex
2251 1222 2318 1305 da·

923 1345 974 1427 tis
1004 1340 1177 1452 pluribus
1205 1330 1409 1421 infinitisve
1436 1334 1714 1447 quantitatibus
1733 1337 1967 1421 invenienda
1990 1338 2033 1421 lit
2058 1367 2133 1423 una
2159 1350 2323 1422 maxima

922 1461 990 1543 vel
1021 1466 1185 1541 minima.
1217 1450 1370 1540 Verum
1397 1452 1465 1536 ubi
1478 1447 1562 1563 ipsae
1589 1454 1844 1565 quantitates,
1875 1454 1987 1566 quod
2017 1458 2056 1539 in
2079 1459 2209 1540 nostro
2223 1486 2317 1540 con·

922 1577 1061 1689 tingit,
1092 1572 1314 1684 exquibus
1349 1569 1528 1683 eligenda
1568 1566 1733 1651 mariima
1765 1572 1832 1655 vel
1862 1573 2056 1673 minima,
2087 1602 2167 1656 non
2198 1575 2318 1687 magis

922 1684 1007 1775 hunt
1040 1690 1324 1789 determinatae,
1355 1714 1471 1800 quam
1495 1683 1537 1769 id
1566 1680 1686 1795 ipsum
1715 1688 1827 1799 quod
1856 1690 2057 1801 quaeritur;
2087 1691 2164 1773 hoc
2196 1677 2316 1803 opus,

922 1808 987 1892 hic
1016 1809 1129 1893 labor
1159 1808 1226 1890 est.
1273 1800 1346 1916 lpsr
1377 1803 1434 1887 illi
1467 1800 1628 1915 insrgnes
1650 1797 1764 1905 Viri,
1806 1798 2157 1906 CARTEsltJS,
2190 1806 2316 1893 FER·

921 1923 1371 2032 transvaditque,
1404 1920 1472 2033 qui
1511 1920 1607 2003 olim
1643 1920 1697 2003 ita
1736 1922 1872 2005 actite'r
1907 1950 1978 2033 pro
2009 1924 2217 2034 prestantia
2245 1919 2316 2006 suae

922 2036 1102 2153 cujusque
1133 2036 1332 2142 methodi,
1363 2060 1546 2146 tanqua-m
1565 2065 1636 2148 pro
1667 2034 1763 2118 focis
1800 2042 1840 2120 dc
1875 2041 1948 2121 aris
1983 2040 2219 2139 militabant,
2249 2061 2318 2125 aut

920 2186 995 2270 pro
1021 2155 1107 2271 ipsis
1136 2181 1402 2239 nunceorum
1421 2147 1645 2251 sectatores,
1677 2155 1842 2264 ingenue
1864 2153 2052 2240 fateantur
2078 2152 2224 2241 neccsse
2238 2158 2312 2253 est,

920 2303 1004 2359 non
1034 2272 1102 2357 nrsr
1124 2271 1335 2357 methodos
1361 2269 1410 2351 ab
1438 2266 1523 2380 ipsrs
1543 2270 1700 2352 traditas
1724 2264 1927 2357 scientibus
1957 2273 2020 2355 hic
2042 2302 2180 2387 aquam
2195 2275 2325 2381 haere-t

919 2420 975 2477 re.
1006 2388 1110 2478 Non
1136 2416 1265 2473 meum
1290 2388 1366 2485 cst,
1398 2412 1470 2470 nec
1495 2386 1613 2471 etiam
1634 2386 1755 2484 volo,
1787 2388 1950 2473 aliorum
1987 2391 2145 2476 inventa
2177 2392 2314 2502 explo-

918 2506 1027 2591 dere.
1057 2503 1314 2591 Praelliterunt
1343 2502 1484 2615 utique
1509 2505 1658 2601 multa,
1687 2510 1727 2585 δε
1758 2502 1873 2587 linem
1903 2535 2021 2619 quem
2063 2508 2133 2590 fibi
2167 2536 2314 2619 propo·

917 2618 1068 2707 suetant
1093 2624 1248 2733 egregie
1274 2607 1471 2703 consecuti.
1494 2612 1590 2703 sunt.
1623 2616 1974 2731 Quemadmodum
1988 2626 2089 2707 enim
2113 2624 2163 2707 de
2183 2626 2314 2731 hujus·

920 2739 1033 2846 modi
1051 2732 1321 2823 Maximorum
1344 2741 1384 2818 δι
1403 2728 1666 2822 Minimorum
1688 2734 1993 2821 consrderatione
2021 2741 2075 2823 nil
2105 2742 2315 2853 quicquam

920 2856 961 2937 in
985 2883 1122 2939 eorum
1144 2847 1287 2965 scriptis
1306 2852 1517 2963 reperitur:
1549 2852 1603 2933 ita
1633 2853 1793 2962 pariter,
1825 2881 1897 2963 pro
1927 2856 2009 2937 aliis
2051 2883 2167 2969 quant
2203 2886 2315 2941 com·

919 2972 1102 3056 munibus
1128 2964 1392 3067 resolvendis,
1422 2962 1503 3050 suas
1530 2966 1740 3056 methodos
1759 2994 1840 3051 non
1871 2970 2132 3058 venditarunt.
2253 3018 2266 3049 .

979 3085 1085 3177 Non
1106 3114 1185 3199 ego
1204 3086 1396 3197 polliceor
1424 3079 1673 3168 universalem
1695 3082 1949 3185 methodum,
1982 3117 2098 3201 quam
2111 3092 2197 3203 quis
2217 3082 2311 3174 hus-

920 3229 979 3289 tra
1011 3228 1230 3318 quatetetr
1272 3197 1340 3289 sed
1368 3202 1577 3315 peculiares
1614 3200 1781 3302 modos,
1814 3230 1894 3286 non
1920 3198 2043 3289 solum
2071 3207 2231 3317 quidem
2271 3208 2326 3288 in·

837 3396 843 3407 .
919 3324 1022 3420 hoc,
1048 3316 1117 3406 sed
1139 3328 1179 3405 dc
1199 3324 1237 3403 in
1256 3318 1529 3431 pluribusaliis
1547 3314 1817 3419 succedentes,
1848 3320 1989 3432 quibus
2013 3318 2312 3407 Problemahoc

917 3437 1081 3525 feliciter
1100 3437 1270 3522 enodavi
1290 3470 1305 3527 t
1339 3431 1648 3547 solutionemque
1672 3464 1823 3536 meam,
1856 3437 1949 3520 dum
1983 3440 2047 3521 alii
2082 3440 2172 3523 alias
2204 3466 2313 3553 quae·

915 3580 1066 3655 terent,
1104 3550 1250 3641 Celeb.
1303 3547 1622 3639 Lnrnnrrro
1657 3554 1782 3641 statim
1816 3546 2037 3641 submittere
2056 3555 2235 3647 decrevit
2264 3578 2314 3640 ut·

916 3676 1025 3759 illam
1046 3673 1247 3785 quondam
1270 3700 1358 3755 cum
1385 3672 1545 3783 publico
1578 3673 1878 3753 communicaret
1905 3700 1991 3755 cum
2017 3665 2100 3771 sua,
2132 3674 2158 3755 sr
2193 3700 2309 3786 quarn

915 3792 1124 3929 reperitett
1162 3790 1214 3875 de
1253 3816 1336 3988 quo
1379 3788 1538 3901 quidem
1575 3816 1656 3871 non
1688 3784 1937 3887 dubitabam,
1975 3784 2188 3903 sagacissimi
2219 3786 2313 3873 Vir'r

880 3908 1614 4133 ·aasz?¹la²i¹⁸5h¹¹¹lssssll
1632 3904 1782 4133 llll}
1802 3910 1887 4106 'mi‘
1910 3902 2308 4127 lhllalhll}

915 4139 1119 4250 intelligo,
1145 4052 1254 4255 sipta
1275 4136 1380 4253 spem
1398 4138 1466 4251 ipfi
1488 4134 1664 4250 placuisse
1682 4134 1889 4223 Ptoblema
1905 4168 2060 4238 meum,
2091 4146 2131 4224 δι
2158 4138 2308 4252 (quod

831 4344 840 4359 ,
913 4257 1048 4356 illum,
1084 4279 1127 4338 ut
1155 4254 1272 4355 dicit,
1304 4256 1587 4367 pulchritudine
1609 4248 1695 4353 sua,
1727 4280 1769 4361 ut
1806 4284 1966 4369 pomum
2001 4250 2147 4355 Evam,
2184 4251 2306 4343 adse

912 4372 1121 4480 traheret)
1156 4374 1333 4482 protinus
1354 4367 1555 4456 solutionis
1578 4369 1717 4455 fastum
1736 4369 1809 4457 else
1840 4398 2078 4484 compotem.
2123 4372 2240 4575 Qpid
2261 4398 2304 4455 a·

911 4492 955 4575 lii
968 4489 1230 4602 praestiterint,
1263 4491 1387 4576 exitus
1406 4488 1652 4573 monstra-bit.-
1676 4486 1835 4603 dignum
1849 4491 1984 4601 utique
1997 4514 2154 4602 oportet
2188 4492 2308 4575 trhoc

912 4599 1147 4708 Problema,
1168 4608 1231 4691 cui
1250 4601 1442 4695 solvendo
1462 4604 1610 4719 aliquid
1627 4608 1812 4719 temporis
1822 4600 2042 4691 consecrent
2062 4604 2299 4708 Geomena,
2351 4660 2356 4665 ·

913 4746 1002 4802 cum
1019 4748 1131 4807 tanto
1156 4718 1289 4824 Viro,
1326 4724 1494 4839 negotiis
1523 4724 1615 4807 licet
1653 4720 1943 4823 dmauiffimo,
1975 4725 2051 4809 tale
2074 4720 2193 4810 visum
2218 4725 2306 4811 firc-

910 4838 988 4933 rit,
1026 4862 1069 4919 ut
1096 4841 1234 4930 horam
1256 4834 1359 4925 suam
1381 4870 1463 4927 non
1486 4840 1670 4927 inutiliter
1708 4835 1909 4925 collocasse
1938 4844 2218 4928 existimaverit.
2248 4837 2307 4929 Et·

909 4945 1099 5071 idipsum
1123 4953 1200 5043 illis
1232 4948 1435 5049 uastant
1462 4960 1542 5049 ello
1554 5018 1569 5060 ,
1603 4955 1786 5083 quod,st
1814 4952 2020 5064 solverint,
2057 4962 2108 5049 ad
2134 4954 2306 5051 secretis-

2191 5075 2307 5167 Μ
2396 5090 2405 5113 ,
