5500 6884
255 869 257 894 ‘
394 836 1804 1107 mmmmmiidmmmm

860 1230 953 1335 N‘-
1033 1210 1333 1333 XXVII.

514 1392 1679 1583 Jonnnn1tsstnnouttt

396 1631 662 1739 Demonstratie
690 1632 890 1749 Analy'ricae
919 1636 965 1731 ἀ
1001 1629 1203 1745 Synrbera'cae
1232 1635 1307 1745 sua
1350 1630 1625 1740 Corrslrudst'onis
1667 1632 1795 1721 Cum

433 1746 690 1853 Haunianae,
720 1762 761 1835 in
789 1747 902 1838 Astis
932 1748 1051 1839 Erud.
1082 1746 1139 1841 Α.
1178 1770 1299 1861 1693.
1323 1774 1410 1861 pag·
1432 1782 1451 1835 2
1460 1780 1526 1861 34.
1542 1750 1713 1839 exhibire.
1741 1752 1767 1803 ἥ

535 1976 651 2073 Uos
683 1982 751 2071 diu
779 2008 870 2073 ante
899 1982 1242 2087 desideraveram,
1286 1982 1343 2069 D.
1389 1981 1594 2069 Bernhardt'
1623 1984 1795 2077 Nmu·
1835 2050 1910 2117 Ah
1928 2060 1965 2122 a

537 2122 798 2191 wattun·
829 2106 913 2190 bini
942 2107 1120 2189 tradatur
1150 2102 1201 2187 de
1240 2098 1405 2214 Analyst
1447 2102 1686 2189 infinitorum
1724 2133 1793 2189 nu·
1810 2139 1879 2196 rua.
1904 2134 1977 2221 opst

394 2227 592 2337 permisti
621 2222 921 2315 Amstelodamo
952 2221 1158 2312 transeunti
1186 2227 1226 2310 in
1257 2252 1391 2310 manus
1422 2226 1664 2319 incidemnt;
1694 2215 1910 2359 ‘1¹¹⁰'sgti6'

393 2368 480 2427 mm
510 2348 630 2445 alter,
661 2370 780 2458 quem
811 2344 1108 2455 Coaetssderatioms
1137 2353 1233 2427 circa
1261 2346 1390 2426 calculi
1419 2340 1664 2453 dfferenrialis
1692 2346 1793 2451 afim
1815 2384 1863 2448 32,
1887 2321 1976 2383 Ῥη

393 2455 590 2561 inscribit,
620 2463 662 2544 in
691 2490 782 2546 eum
810 2486 959 2548 tantum
989 2459 1108 2549 finem
1137 2462 1293 2546 videtur
1322 2460 1462 2560 sadus,
1497 2485 1540 2544 ut
1558 2454 1794 2551 Clarissimus
1926 2518 1929 2521 -

394 2572 549 2663 Audon
579 2575 842 2689 diffictdtates,
873 2608 995 2695 quas,
1027 2582 1068 2663 in
1097 2570 1249 2673 insolita
1278 2580 1404 2662 nostra
1434 2578 1662 2680 methodo,
1694 2580 1793 2663 mul-

395 2698 444 2781 tis
473 2698 513 2779 itt
543 2698 641 2780 loeis
670 2694 741 2779 sibi
769 2724 960 2783 remoram
990 2698 1147 2808 injicere
1176 2699 1384 2812 queritur,
1416 2694 1640 2782 adimendas
1680 2697 1796 2781 nobit

393 2838 645 2926 proponeret.
705 2808 780 2899 Eas
809 2842 943 2900 revera
968 2817 1066 2899 tanti
1094 2816 1285 2901 momenti
1315 2843 1397 2899 non
1426 2838 1548 2927 puto,
1570 2838 1613 2897 ut
1631 2814 1697 2899 vel
1724 2816 1793 2897 mi-

392 2932 540 3014 nimum
583 2930 683 3013 illins
712 2930 930 3043 prestantia
974 2932 1196 3045 derogare,
1236 2932 1303 3016 vel
1342 2934 1565 3046 quempiam
1612 2930 1796 3015 remorati

393 3072 553 3161 metant.
595 3043 947 3159 Qtemadmodum
978 3050 1107 3148 enim,
1138 3078 1187 3133 ex
1216 3044 1296 3134 sola
1324 3076 1407 3132 non
1438 3042 1522 3129 satir
1553 3046 1652 3147 clare
1678 3044 1795 3130 intel·

394 3165 492 3249 let'ta
523 3162 715 3249 methodo
744 3158 1025 3257 faborianum
1070 3163 1120 3249 fic
1149 3164 1275 3249 nullus
1305 3161 1483 3262 dubito,
1524 3163 1618 3277 quIn
1660 3162 1794 3248 debita

393 3284 534 3365 mentis
564 3284 781 3367 attentione
809 3276 983 3367 adhibita
1012 3277 1148 3395 sponte
1173 3276 1400 3395 dispareant.
1460 3276 1636 3391 Ideoque
1656 3280 1796 3371 relidit
1904 3318 1912 3336 ·
2096 3320 2100 3327 ·

393 3398 469 3485 iltis
498 3398 595 3511 (ad
626 3426 721 3513 quas
779 3397 911 3484 uidem
941 3402 981 3485 in
1011 3392 1228 3485 universum
1259 3397 1529 3485 celeberrimus
1570 3394 1793 3487 LHBNI·

392 3536 428 3603 τ
435 3537 455 3603 1
462 3538 525 3605 trs
554 3512 678 3603 solide
706 3428 903 3629 respondit
931 3520 973 3601 in
1002 3519 1144 3604 ultimo
1184 3522 1314 3602 Alio.
1344 3514 1481 3627 Iulio)
1519 3510 1617 3602 illud
1655 3513 1795 3609 dunta-

390 3658 460 3719 xat
488 3658 672 3749 tangam,
702 3632 814 3749 quod
842 3663 906 3720 me
936 3628 1130 3747 speciatim
1161 3636 1373 3722 concernit.

451 3750 544 3863 Peg.
576 3782 647 3861 41.
678 3745 826 3836 suanam
856 3750 1206 3861 Cotrsrderarionum‚
1235 3752 1288 3835 ad
1305 3748 1565 3837 diversitatem
1587 3744 1795 3838 ostenden·

392 3865 486 3953 dam
513 3862 619 3953 snam
646 3874 747 3953 inter
773 3875 814 3955 δι
836 3892 964 3955 meam
992 3869 1250 3970 methodum,
1282 3868 1386 3984 quast
1409 3896 1477 3983 per
1500 3868 1540 3953 di
1585 3866 1790 3971 clitonem,

393 3990 435 4069 ἀ
463 3986 570 4071 nulla
597 3983 813 4072 necesitate
843 4011 1030 4102 urgente,
1061 3984 1130 4072 fibi
1160 3986 1462 4101 impugnandam
1491 3982 1516 4069 s
1547 3987 1639 4099 cipit
1665 4014 1794 4074 meam

393 4103 435 4187 in
462 4102 575 4188 Adsis
602 4098 728 4189 Anno
765 4122 906 4214 1693,
947 4098 1074 4189 mense
1115 4098 1231 4189 Man
1269 4104 1503 4219 publicatam
1544 4106 1789 4203 consttudiio-

393 4248 486 4307 nem
497 4221 748 4335 problematis
779 4214 1084 4309 CARTtsto
1116 4221 1423 4337 olimpropostti.
1470 4220 1601 4335 Quod
1624 4224 1791 4337 (quam-¹

392 4340 453 4425 vis
482 4336 691 4451 optassem,
720 4360 766 4422 ut
794 4336 1021 4425 exhibuisset
1049 4335 1282 4427 solutionem
1311 4340 1540 4443 meliorem,
1572 4366 1655 4457 quo
1679 4340 1786 4422 lucu-

392 4454 533 4543 lentiut
561 4452 815 4557 constitisset,
859 4483 909 4542 an
939 4486 990 4543 eo
1020 4452 1138 4572 usque
1171 4451 1235 4543 sua
1263 4452 1339 4551 sese
1375 4458 1602 4546 extenderet
1630 4454 1788 4541 meno-

392 4571 499 4673 dur,
530 4576 743 4687 nostraque
770 4576 885 4687 proin
912 4569 1199 4679 anteferenda,
1238 4580 1279 4661 a
1318 4576 1368 4661 ab
1399 4604 1445 4661 ea
1474 4568 1621 4660 diversa
1649 4566 1786 4683 esset)

391 4688 493 4776 adeo
524 4718 606 4776 non
636 4716 735 4805 aegre
762 4690 847 4779 sero
876 4752 890 4793 ‚
920 4686 1122 4807 prasertim
1152 4720 1239 4779 cum
1268 4694 1312 4779 id
1340 4687 1483 4779 summa
1511 4689 1698 4778 modestia
1728 4688 1787 4776 sa·

393 4810 495 4907 ciat,
524 4833 570 4892 ut
596 4810 727 4921 potius
756 4808 974 4923 gaudeam,
1015 4810 1110 4894 mihi
1149 4810 1391 4896 occasionem
1420 4806 1650 4925 suppeditari
1679 4802 1786 4895 satit-

391 4917 557 5010 faciendi
588 4929 670 5031 ejus
699 4925 931 5031 desiderio,
970 4952 1053 5043 qno
1092 4928 1189 5011 hanc
1220 4923 1274 5013 sui
1302 4922 1463 5045 scmpuli
1505 4926 1785 5019 enodationem
1905 5003 1913 5011 .

448 5042 552 5143 loen.
584 5042 766 5129 Bermtr
796 5040 919 5159 Opera
946 5055 1067 5131 omnia
1095 5039 1224 5133 Tom.
1250 5036 1281 5133 l.
1476 5042 1522 5135 T
1679 5048 1782 5149 effla

436 5175 564 5257 *supra
579 5175 632 5240 m.
659 5176 722 5243 xt
