5500 6884
1000 856 1094 961 128:
1316 828 2177 929 N⁰.t111..·nrssanrAsro

1003 1000 1124 1084 :sitias
1152 993 1290 1107 majori
1313 996 1450 1108 copia,
1483 996 1548 1078 illa
1569 985 1795 1078 vitemus:
1826 993 1943 1076 etiam
1979 1013 2089 1074 tanto
2119 990 2266 1076 facilius
2294 991 2397 1104 polle
2523 986 2524 1008 ¹

1001 1118 1137 1216 atteri,
1156 1143 1223 1228 pet
1246 1113 1463 1196 frictionem
1485 1112 1581 1194 adsis
1601 1135 1858 1220 corporumve
1877 1108 2050 1190 aliorum.
2072 1104 2144 1192 Ad
2161 1110 2244 1193 boc
2265 1137 2397 1222 quam.

1001 1233 1063 1316 vis
1092 1227 1276 1316 sufficeret
1305 1224 1560 1341 respondisse,
1592 1226 1688 1308 nihil
1712 1227 1873 1310 omnino
1898 1225 2060 1308 obstare
2080 1253 2162 1336 quo
2192 1227 2318 1310 minus
2354 1228 2398 1340 il.

1002 1347 1073 1435 lud
1085 1348 1197 1460 quod
1214 1349 1420 1460 apponitur
1438 1347 1554 1456 longe
1567 1345 1652 1456 plus
1672 1339 1715 1424 stt
1730 1370 1847 1453 quam
1863 1339 1971 1453 quod
1990 1340 2180 1432 demitur:
2203 1343 2281 1426 hoc
2302 1338 2399 1426 insu·

1003 1491 1072 1579 per
1086 1461 1249 1576 responsi
1265 1460 1394 1563 addo,
1416 1459 1526 1574 quod
1544 1459 1780 1571 experientia-
1791 1457 1910 1542 docet
1920 1517 1934 1556 ,
1961 1455 2117 1542 duriora
2133 1461 2263 1540 omni:
2272 1459 2323 1540 ab
2341 1483 2397 1542 at‘·

1002 1583 1099 1663 tritu
1121 1589 1162 1666 δι
1190 1578 1365 1664 fridione
1387 1579 1511 1661 multo
1546 1575 1692 1660 facilius
1723 1569 1892 1658 consumi
1921 1601 2036 1684 quam
2068 1576 2215 1658 mollia.
2257 1567 2317 1656 Ita
2342 1577 2398 1658 vi-

1004 1696 1139 1783 demus
1159 1695 1327 1793 metalla,
1350 1721 1433 1808 quo
1454 1685 1717 1795 duriotasunt,
1732 1718 1783 1776 to
1807 1691 2118 1799 meliusexpoliri
2139 1687 2268 1800 polles
2293 1696 2401 1797 cujus

1003 1816 1102 1896 ratio
1127 1815 1200 1898 alia
1218 1828 1300 1895 non
1320 1812 1375 1895 est
1386 1871 1400 1910 ,
1434 1835 1550 1923 quam
1572 1805 1683 1920 quod
1702 1807 1741 1890 in
1762 1805 1943 1889 mollibus
1963 1805 2190 1916 corporibus
2209 1807 2398 1916 particulae

1003 1932 1266 2040 prominentes
1288 1918 1489 2011 introrsum
1512 1947 1691 2035 prompte
1720 1923 1858 2007 cedere
1881 1919 2041 2033 possint,
2072 1923 2172 2004 &vi
2196 1924 2337 2005 terenti
2363 1917 2399 2007 se

1001 2045 1109 2156 quasi
1139 2039 1375 2132 subducere:
1414 2039 1528 2154 quod
1569 2068 1656 2124 cum
1689 2038 1730 2123 in
1757 2039 1860 2122 duris
1889 2041 2113 2148 contingere
2148 2065 2230 2122 non
2261 2037 2396 2148 pollis,

1002 2156 1150 2246 necesse
1171 2159 1225 2243 est
1239 2183 1286 2240 ut
1304 2185 1440 2242 omnes
1459 2152 1698 2266 asperitates,
1722 2151 1892 2267 superata
1904 2153 2109 2244 :efistentia
2127 2155 2267 2270 exigua
2282 2181 2396 2269 quam
2526 2223 2527 2232 ,

948 2342 955 2354 ,
994 2272 1147 2384 ,ficiunt
1158 2335 1172 2379 ‚
1201 2275 1393 2392 areliquo
1421 2299 1586 2389 corpore
1616 2271 1845 2360 avellantur.

1534 2601 1547 2612 „
1671 2449 1798 2592 κη

999 2699 1004 2706 ¹
1061 2737 1160 2832 Alta
1198 2739 1400 2832 difficultas
1429 2733 1614 2858 superest,
1648 2767 1734 2856 quat
1770 2737 1867 2828 banc
1898 2735 2139 2832 Nutritionis
2173 2747 2399 2858 explicatio*

998 2886 1096 2947 nem
1128 2863 1294 2975 premit,
1323 2891 1408 2978 quae
1435 2891 1532 2948 vero
1555 2860 1667 2950 facile
1697 2860 1879 2946 diluitur:
1908 2854 2074 2945 Eccaml
2104 2856 2261 2946 Durum
2287 2865 2399 2951 vidt-

1003 2977 1109 3062 bitur
1140 2977 1313 3090 pluribus
1355 2987 1396 3063 δι
1431 3002 1581 3064 tantum
1614 3005 1694 3064 non
1729 2974 1989 3089 imposibile,
2026 2971 2269 3064 substantiam
2297 2981 2398 3068 adeo
2528 3027 2529 3046 ι

1002 3086 1165 3178 solidam
1196 3101 1237 3180 s:
1271 3099 1533 3208 compasiam‚
1565 3119 1608 3180 ut
1637 3089 1721 3178 sunt
1752 3090 1853 3194 olsa,
1890 3093 2044 3189 nutriri,
2074 3091 2245 3196 dilatari,
2275 3102 2315 3182 u
2331 3127 2396 3182 ert-

1004 3210 1114 3293 tendi
1144 3209 1250 3322 posse
1276 3241 1345 3323 per
1370 3207 1490 3296 solam
1507 3211 1799 3300 insinuationem
1822 3205 2041 3292 subtilissmti
2064 3209 2163 3291 illius
2181 3213 2304 3312 rotis,
2330 3213 2397 3328 qui

1004 3351 1054 3408 ex
1083 3325 1197 3411 massa
1220 3323 1423 3439 sanguinm
1444 3355 1512 3438 per
1526 3331 1688 3411 'tunicas
1705 3325 1966 3410 arteriolarum
1980 3320 2213 3410 transsudat:
2241 3331 2308 3441 qui
2326 3327 2391 3414 fiet

1001 3435 1117 3550 quod
1145 3439 1275 3523 valida
1304 3440 1438 3526 offium
1467 3465 1617 3526 textura
1652 3435 1863 3553 ingressuris
1894 3440 2085 3552 particulis
2117 3469 2199 3528 non
2232 3443 2398 3546 resistat,'
2529 3489 2530 3492 ¹

1004 3554 1071 3635 vel
1099 3546 1232 3640 saltem
1266 3547 1320 3638 sui
1358 3555 1625 3640 dilatationem
1654 3583 1735 3640 non
1765 3553 1964 3668 impediat.
2024 3550 2085 3640 At
2123 3560 2192 3672 qui
2226 3591 2276 3648 ex
2317 3591 2396 3646 me·

884 3701 889 3708 ·
1005 3671 1178 3756 chsnicis
1202 3666 1375 3781 Legibus
1406 3695 1548 3756 norunt
1577 3674 1774 3786 ingentem
1809 3675 1891 3756 vim
1921 3673 2061 3756 cunei:
2095 3675 2396 3764 imbecillitatem

1001 3786 1118 3894 hujus
1147 3788 1377 3894 objectionis
1406 3785 1517 3872 facile
1557 3793 1784 3902 percipiunt.
1844 3785 2048 3895 Quaelibet
2077 3793 2179 3876 enim
2214 3795 2397 3904 particule

988 3903 1115 3988 ,bullar
1141 3905 1253 3988 cunei
1278 3897 1316 3986 se
1344 3903 1486 4003 habet,
1518 3904 1677 4016 quando
1698 3908 1742 3988 vi
1769 3903 1981 3988 admodum
2006 3907 2085 3989 levi
2118 3909 2277 4020 quidem
2313 3909 2396 3994 adi·

1000 4021 1128 4130 gitur,
1159 4015 1225 4103 sed
1253 4047 1338 4132 quae
1366 4021 1555 4132 applicata
1585 4019 1636 4102 ad
1664 4017 1889 4106 findendum
1916 4022 2034 4134 longe
2072 4026 2258 4132 majorem
2288 4055 2397 4114 exet·

1002 4157 1069 4216 cet
1097 4129 1220 4220 nisum
1253 4137 1293 4217 in
1316 4134 1447 4220 latera.
1500 4133 1618 4245 Qrid
1654 4137 1804 4250 igitur?
1839 4133 1967 4246 stjam
2000 4167 2137 4224 omnes
2163 4143 2400 4254 particulas,

1001 4276 1089 4362 quae
1123 4245 1203 4332 suas
1237 4253 1338 4336 vires
1369 4252 1447 4334 hoc
1488 4252 1616 4335 modo
1644 4276 1859 4352 exercent,
1894 4250 2266 4358 columniam,
2299 4258 2399 4371 quid

987 4391 1086 4451 ‚non
1115 4366 1332 4449 valebunt?
1364 4367 1633 4468 miraberisne,
1666 4370 1815 4454 nullam
1840 4369 1973 4458 ossium
2001 4366 2232 4460 soliditatem
2266 4377 2309 4458 vi
2333 4375 2393 4462 di·

1003 4483 1137 4568 latanti
1156 4482 1331 4566 -resrllere
1352 4479 1496 4596 posse?
1524 4478 1611 4569 sane
1637 4515 1717 4570 non
1744 4488 1866 4598 magis
1899 4513 2016 4599 quam
2040 4489 2171 4600 quod,
2203 4501 2292 4576 a'e're
2314 4496 2398 4578 exi·

1005 4597 1125 4682 slente
1149 4593 1350 4708 pluvioso,
1384 4594 1494 4686 tensae
1511 4601 1742 4688 testudinum
1771 4602 1868 4688 fides
1887 4601 2075 4688 crassiores
2099 4607 2223 4710 etism,
2243 4607 2398 4694 violen-

988 4731 1064 4804 ‚rer
1096 4738 1341 4822 rumpantur,
1389 4745 1473 4830 quae
1502 4717 1595 4800 alias
1624 4717 1863 4805 robustissimi
1895 4721 1968 4802 viri
1998 4723 2172 4810 manibus
2199 4751 2399 4836 rupturam

1005 4826 1186 4936 tentantis
1214 4833 1315 4916 vires
1341 4833 1570 4918 eluderent:
1602 4857 1752 4922 tantum
1779 4855 1918 4944 nempe
1955 4835 2087 4922 valent
2112 4833 2201 4920 solae
2222 4843 2392 4952 particu-

1004 4938 1051 5027 lae
1084 4933 1233 5052 aquo&
1245 5001 1260 5041 ,
1292 4975 1378 5060 quat
1410 4976 1459 5033 tx
1488 4955 1575 5038 abre
1606 4943 1681 5041 sese
1713 4948 1939 5062 ilrsmuando
1965 4953 2066 5042 intra
2096 4951 2233 5046 fidium
2274 4957 2399 5042 fibris·

2314 5073 2401 5178 las,
