5500 6884
960 889 979 903 ⁶*
990 909 1100 984 aliove
1135 900 1235 984 latere
1271 912 1378 998 coni,
1402 911 1600 1010 propiusque
1632 911 1685 986 vel
1716 909 1874 983 remotius
1918 907 1960 982 ab
1992 908 2061 1000 ejus
2086 910 2211 983 vertice
2250 907 2381 984 adurni-

990 1023 1056 1078 tur.
1984 1051 1990 1060 ¹

1039 1106 1203 1180 Senot.
1242 1107 1332 1194 Quia
1348 1105 1561 1179 Construdlio
1582 1107 1650 1178 lraec
1670 1107 1829 1198 requirit,
1853 1118 1893 1176 ut
1907 1127 1949 1174 ex
1971 1104 2098 1176 circulis
2117 1121 2289 1198 utcunque
2305 1107 2382 1176 inae·

992 1203 1145 1294 qualibus
1170 1206 1273 1290 KG,
1294 1207 1401 1292 Pu,
1429 1207 1568 1297 aequales
1592 1203 1826 1276 abscindantur
1851 1225 1945 1273 arcus
1964 1203 2049 1290 Kl,
2073 1204 2170 1289 PR,
2192 1206 2284 1296 quod
2308 1203 2383 1295 sup·

992 1301 1090 1391 ponit
1122 1303 1235 1394 anguli
1265 1299 1444 1374 sectionem
1467 1304 1503 1372 in
1527 1303 1602 1374 data
1622 1303 1775 1382 ratione;
1801 1302 1870 1372 lraee
1893 1323 1975 1370 veto
2008 1301 2201 1394 generaliter
2227 1325 2301 1372 non
2320 1298 2383 1372 nifi

991 1421 1051 1489 per
1081 1401 1280 1490 quantitates
1300 1397 1565 1492 transcendentes
1599 1397 1801 1478 absolvitur;
1828 1396 1985 1483 constat,
2009 1399 2101 1490 quod
2121 1399 2215 1484 dixi,
2241 1423 2383 1471 curvam

797 1520 803 1530 ¹
846 1545 851 1554 -
987 1503 1189 1587 geometrice,
1214 1497 1339 1582 idest,
1365 1495 1545 1588 algebra'ice
1572 1521 1644 1578 non
1667 1494 1725 1568 else
1746 1493 2006 1588 descriptibilem.
2057 1497 2098 1568 In
2119 1493 2288 1586 superficie
2313 1499 2382 1586 Cy-

992 1591 1150 1679 lindriea,
1182 1598 1305 1686 pundo
1331 1618 1443 1665 curvae
1474 1594 1608 1686 reperiri
1633 1592 1763 1685 pessunt
1787 1593 1947 1664 continua
1975 1615 2070 1666 arcus
2104 1589 2304 1675 bisedione5
2327 1591 2382 1664 sed

991 1687 1144 1761 inventio
1178 1693 1330 1764 omnium
1355 1689 1527 1762 indefinite
1551 1694 1752 1782 pundorum
1778 1691 1896 1784 pariter
1919 1687 2098 1768 senionem
2127 1714 2222 1762 arcus
2248 1692 2283 1762 in
2303 1693 2380 1764 *dau

991 1787 1143 1874 ratione,
1164 1790 1218 1862 vel
1238 1792 1309 1882 ejus
1329 1786 1600 1860 testificationem
1621 1787 1785 1884 supponit.

1040 1886 1149 1976 Atque
1174 1888 1244 1958 haee
1270 1887 1311 1957 de
1331 1886 1440 1978 primo
1464 1884 1670 1958 Problemate
1692 1886 1778 1958 dieta
1797 1881 1981 1958 sufficiant:
2008 1885 2135 1958 Caetera
2156 1881 2251 1978 supra
2272 1885 2383 1962 lauda·

990 1997 1046 2052 tus
1064 1983 1128 2054 Vir
1149 1981 1303 2054 illustriss.
1330 1986 1374 2054 D.
1402 1981 1545 2056 Marcbio
1568 1985 1933 2070 Haemonius,
1965 2007 2096 2076 nupero
2115 1989 2292 2075 Januarr'o,
2319 1987 2382 2076 ple·

990 2102 1035 2150 ne
1067 2082 1099 2151 dc
1130 2081 1295 2174 eleganter
1315 2078 1420 2151 soluta
1452 2079 1552 2154 dedit.
1606 2083 1670 2154 Sed
1695 2082 1771 2174 quia
1806 2078 1970 2164 observo,
2006 2081 2106 2172 paulo
2132 2083 2334 2174 generaliora
2363 2107 2382 2152 a

992 2174 1106 2249 Fratre
1126 2179 1268 2271 proponi
1279 2175 1442 2270 potuisse,
1463 2202 1500 2248 ea
1521 2175 1709 2270 liquentem
1729 2181 1764 2250 in
1785 2179 1924 2250 modurn
1946 2173 2057 2249 formo
2084 2203 2123 2249 ac
2149 2175 2266 2252 solvo:

831 2258 977 2356 mxu
1046 2277 1215 2350 Pitoura
1242 2279 1293 2349 ΙΙ.
1316 2280 1349 2348 de
1369 2275 1452 2348 ΙΙΙ.
1483 2279 1552 2346 Axi
1580 2283 1605 2346 Ε
1617 2287 1646 2346 Τ
1670 2276 1802 2366 infistont
1823 2280 1948 2369 infinite
1974 2300 2079 2346 curve
2099 2281 2186 2360 BL,
2219 2283 2302 2362 BF,
2331 2299 2382 2369 ge-

830 2343 896 2419 teg.
915 2360 943 2417 7·
995 2397 1074 2445 nere
1098 2373 1230 2460 ecdem,
1253 2374 1307 2445 hoc
1322 2377 1372 2466 ql,
1393 2397 1527 2464 quarum
1550 2373 1698 2446 ordinare
1716 2379 1815 2458 ML,
1837 2379 1883 2445 M
1887 2381 1933 2459 F,
1957 2376 2126 2464 constanter
2138 2371 2379 2465 fintproportio·

996 2472 1102 2552 nalem
1117 2471 1219 2564 fitque
1236 2473 1297 2542 alia
1316 2488 1415 2541 curve
1442 2476 1507 2542 CL
1522 2497 1562 2540 ex
1588 2472 1741 2562 prioribus
1765 2471 1866 2561 spotia
1894 2470 2035 2562 trusirent
2065 2477 2187 2546 ΗΜ
2195 2521 2207 2558 ,
2240 2479 2311 2544 BC
2316 2481 2348 2546 D
2368 2520 2382 2558 ,

997 2585 1067 2638 trem
1090 2570 1242 2658 lutose,
1273 2587 1342 2638 rum
1364 2567 1439 2640 dato
1455 2567 1555 2658 spatio
1580 2570 1716 2662 eqteelr'a.
1767 2575 1929 2662 Qteorr'tur
1941 2619 1953 2654 ‚
1981 2595 2045 2661 qne
2063 2568 2106 2657 fit
2122 2588 2238 2640 nature
2273 2577 2382 2642 Curva

999 2671 1087 2750 CL,
1111 2690 1175 2756 que
1188 2672 1269 2738 ratio
1288 2665 1421 2736 dicendi
1441 2666 1505 2752 ejus
1528 2684 1686 2762 turgentes
1696 2719 1708 2755 ,
1730 2663 1776 2754 Ed
1798 2665 1955 2760 quodnam
1976 2675 2010 2740 in
2024 2668 2078 2740 ilio
2093 2669 2265 2758 pandum,
2292 2669 2384 2740 alteri

998 2760 1102 2834 ubivis
1124 2763 1199 2838 dato
1219 2766 1557 2854 parlamentum?
1937 2793 1944 2810 ·

840 2926 846 2938 .
1048 2861 1146 2934 Sor..
1197 2863 1277 2935 Esto
1298 2861 1373 2934 data
1398 2885 1440 2932 ex
1460 2857 1599 2934 infinitis
1624 2885 1692 2934 una
1710 2861 1736 2936 B
1754 2861 1803 2952 L,
1829 2861 2007 2955 datumque
2030 2861 2066 2934 in
2090 2863 2204 2935 Curva
2225 2861 2385 2936 CLubi·

845 3031 849 3038 ,
995 2957 1049 3033 vis
1071 2964 1236 3053 punctum
1258 2961 1311 3046 C,
1336 2985 1355 3030 e
1379 2983 1448 3052 quo
1469 2957 1599 3030 demiffa
1619 2960 1655 3030 in
1684 2985 1780 3032 axem
1800 2962 1957 3054 applicata
1983 2963 2084 3046 CD,
2123 2985 2196 3051 quae
2219 2957 2304 3033 secet
2329 2963 2381 3032 da'-

998 3073 1069 3128 tam
1094 3059 1245 3131 Curram
1268 3059 1304 3129 in
1321 3057 1380 3143 G,
1406 3057 1545 3128 dueatur
1566 3077 1703 3150 tangens
1726 3061 1760 3131 G
1773 3059 1829 3138 Et
1853 3055 1948 3150 supet
1969 3060 2046 3132 DE
2073 3055 2293 3130 constituatur
2318 3061 2382 3132 Re-

999 3158 1109 3247 daug.
1136 3157 1214 3229 ΕΗ
1234 3179 1304 3227 =
1327 3151 1522 3246 spatiodato
1544 3157 1685 3242 1301),
1710 3155 1953 3250 fiatqueCH:
1978 3158 2060 3230 HD
2081 3177 2150 3218 Ξ
2169 3156 2266 3228 DE:
2291 3157 2383 3239 DTt

999 3249 1114 3341 juncta
1138 3256 1212 3326 CT
1231 3277 1370 3326 curvam
1396 3254 1468 3326 CL
1491 3271 1604 3346 tanget
1623 3254 1657 3324 in
1687 3255 1727 3327 C.

1049 3348 1144 3419 Nota
1162 3351 1291 3421 ratione
1324 3351 1466 3421 ducendi
1492 3367 1686 3442 tangentes,
1709 3368 1827 3422 natura
1852 3373 1962 3422 curvae
1985 3351 2085 3422 latere
2109 3351 2246 3443 nequire
2272 3351 2382 3445 estque

1001 3439 1155 3536 semper,
1181 3448 1271 3538 quod
1294 3447 1347 3517 hie
1366 3445 1541 3536 specialiter
1567 3471 1695 3520 annoto
1709 3499 1720 3534 ,
1746 3448 1930 3520 reducibilis
1958 3447 1999 3520 ad
2030 3446 2132 3518 “asum
2170 3448 2384 3522 Problematis

1001 3547 1172 3614 Beauniani
1193 3543 1374 3636 generalius
1405 3545 1554 3636 concepti
1576 3543 1676 3617 mens
1715 3549 1798 3618 Dec.
1825 3557 1946 3634 1695,
1984 3548 2006 3594 *
2029 3547 2199 3637 adeoque,
2225 3546 2384 3620 construi-

1003 3637 1079 3714 bilis
1104 3664 1161 3730 per
1189 3641 1491 3734 Logarithmitam,
1517 3643 1584 3713 vid.
1609 3641 1709 3718 mens.
1732 3645 1798 3737 Jut.
1827 3656 1932 3732 1696.
1957 3646 1976 3734 †
2003 3643 2168 3714 Pundum
2189 3669 2301 3716 eurvae
2318 3647 2383 3719 CL

1004 3739 1197 3832 proximum
1213 3737 1272 3832 ipsi
1290 3741 1317 3811 B
1337 3741 1508 3830 quodnam
1531 3736 1596 3826 fit,
1625 3745 1817 3832 generaliter
1837 3741 1978 3814 ostendit
2002 3743 2064 3812 Vir
2088 3739 2296 3832 perillustris,
2325 3767 2383 3835 po·

999 3837 1128 3928 testque
1150 3840 1244 3909 nullo
1274 3838 1410 3930 negotio
1439 3825 1602 3909 ad'aliud
1627 3840 1769 3929 quodvis
1797 3840 1911 3909 datum
1940 3842 2101 3932 punctum
2128 3841 2381 3912 accommodari.

1050 3935 1217 4010 Pnonu.
1245 3937 1306 4008 IV
1328 3939 1360 4006 dr
1380 3937 1426 4008 V.
1453 3940 1491 4008 In
1512 3935 1616 4006 eadem
1636 3937 1943 4030 figurafirntoBC,
1968 3941 2058 4022 BL,
2083 3939 2207 4028 infinite
2225 3962 2328 4010 utrae
2339 3937 2383 4026 fi-

1001 4030 1108 4118 miser,
1124 4033 1180 4122 seu
1192 4035 1287 4125 specie
1301 4031 1430 4118 eodem,
1450 4033 1590 4125 equibus
1610 4059 1711 4110 curvo
1735 4043 1765 4104 C
1775 4040 1801 4104 L
1820 4034 2041 4125 auferatarcut
2060 4036 2182 4126 aquales
2206 4041 2295 4122 BC,
2312 4043 2384 4119 BL,

1001 4137 1151 4220 querimr
1168 4152 1285 4204 natura
1305 4157 1406 4203 curae
1435 4137 1523 4218 CL,
1548 4132 1607 4221 rjre
1632 4138 1818 4228 tangentia
1836 4133 1946 4222 punslo
1974 4141 2026 4219 C,
2051 4127 2097 4217 Ed
2110 4133 2257 4223 pandum
2282 4159 2386 4206 curve

998 4221 1074 4298 dato
1094 4235 1224 4319 cuipiam
1248 4231 1359 4319 pundo
1385 4235 1571 4320 proximm.
1722 4225 1726 4234 ⁸
2168 4261 2173 4268 ·

1048 4325 1147 4400 SOL.
1198 4329 1396 4419 Exemplum
1417 4329 1575 4420 proponit
1596 4327 1710 4401 Frater
1731 4329 1767 4400 in
1788 4328 1962 4402 Parabolis.
2014 4327 2102 4400 Huic
2121 4325 2202 4421 saepe
2233 4325 2383 4402 laudatus

997 4421 1042 4494 D.
1082 4425 1234 4497 Marchio
1263 4425 1309 4494 ita
1337 4422 1511 4510 satisfacit,
1537 4444 1576 4496 ut
1601 4426 1700 4498 dudla
1723 4452 1779 4520 per·
1804 4429 1834 4500 C
1857 4425 2012 4500 Parabola
2033 4426 2123 4509 BC,
2150 4421 2282 4518 ejusque
2307 4445 2382 4500 tan-

995 4537 1095 4609 gente
1116 4523 1212 4610 CE,
1239 4520 1337 4594 saciat
1358 4525 1428 4596 ΟΕ
1450 4525 1627 4595 -1302
1651 4527 1719 4598 BC
1743 4527 1924 4596 =BD2
1950 4523 2031 4594 BT.
2082 4523 2204 4610 Addo,
2231 4521 2384 4598 srinhae

995 4622 1210 4708 proportione
1242 4621 1404 4694 duntaxat
1434 4621 1510 4693 BD
1544 4639 1698 4695 vertatur
1721 4623 1757 4696 in
1784 4625 1872 4706 BE,
1899 4618 2100 4692 construtlio
2125 4622 2319 4713 generaliter
2341 4624 2381 4694 ad
2522 4651 2523 4704 l

996 4735 1113 4788 enarer
1131 4716 1424 4794 curvaesimilesse
1448 4720 1626 4808 extendet,-
1653 4722 1742 4820 uqde
1763 4720 2042 4816 &componendo
2066 4717 2191 4816 semper
2212 4719 2275 4796 etit
2294 4721 2381 4896 CBEC

990 759 1071 851 258
1112 742 1279 834 Neu.
1310 737 1601 834 PROBLEM.
1630 739 1714 830 DE
1740 739 2010 836 MAXIMIS
2027 753 2067 832 δι
2089 743 2349 840 MINIMlS.

2522 4565 2523 4650 l

2522 4735 2523 4800 l

1034 4905 1052 4940 “
1072 4908 1137 4973 Ad.
1159 4913 1268 4980 Mt.
1290 4907 1366 4994 lips
1384 4929 1447 4995 pag.
1469 4930 1537 4992 54²·

1031 4989 1134 5076 ΗΕΒ·
1159 5009 1226 5076 ³3²·
