5500 6884
1038 927 1127 1018 324
1232 900 1293 990 Ν.
1310 893 1419 988 xc.
1455 895 1547 992 ua
1582 893 1789 984 Moru
1822 892 2302 1028 naunotonuru

1033 1101 1123 1188 pag.
1164 1083 1274 1172 289,
1302 1063 1340 1151 se
1365 1052 1575 1152 attonitum
1603 1065 1737 1152 stetisse
1770 1065 1955 1162 fateatur,
1991 1092 2079 1149 cum
2114 1066 2265 1153 videret
2295 1065 2433 1178 pendu'

1037 1192 1121 1276 lum
1150 1188 1270 1288 illud,
1299 1183 1411 1300 quod
1442 1183 1626 1268 credebat
1652 1185 1889 1268 vibrationes
1915 1177 1994 1265 suas
2035 1187 2272 1294 perasturum
2303 1183 2432 1272 esseio

1037 1333 1141 1423 aqua
1172 1309 1373 1390 minimum
1410 1298 1561 1414 finguliS
1590 1324 1736 1384 tantum
1769 1296 1971 1398 secundis,
2003 1301 2085 1383 illas
2121 1327 2281 1400 tamen,
2313 1299 2458 1386 contra

905 1425 912 1438 ’
1035 1420 1153 1508 suam·
1176 1419 1511 1536 expectationem.
1537 1415 1616 1502 fere
1646 1445 1754 1532 aeque
1781 1443 1999 1530 promptas,
2031 1419 2095 1502 vel
2126 1413 2296 1523 ejusdem
2335 1419 2433 1502 dura·

1037 1545 1159 1624 tionis
1196 1529 1528 1651 deprehendisse,
1561 1563 1606 1618 ac
1640 1534 1680 1618 in
1715 1541 1830 1624 aeter
1868 1534 2035 1618 ostendit
2066 1531 2240 1644 profecto
2273 1538 2455 1631 animunp

1037 1657 1302 1740 admirationis
1329 1654 1511 1764 plenum,
1539 1653 1607 1763 qui
1629 1654 1753 1736 minus
1785 1652 1898 1736 decet
1920 1647 2172 1735 Geometram
2201 1647 2456 1736 consumma-¹

1037 1797 1155 1872 tum,
1192 1802 1309 1888 quam
1329 1771 1528 1852 hominem
1557 1769 1597 1850 in
1628 1763 1728 1852 hisce
1756 1767 2067 1880 profundioribus
2097 1761 2288 1878 hospitem
2308 1807 2321 1848 .·
2351 1772 2456 1853 nihii

1036 1894 1141 1976 enim
1172 1894 1235 1974 hic
1257 1882 1459 1998 contigisse
1482 1883 1626 1984 video,
1654 1884 1764 1998 quod
1791 1915 1872 1970 non
1896 1909 1983 1976 ante
2016 1886 2326 1994 experimentum
2349 1915 2431 1998 pra-

1034 2007 1167 2091 dicere
1202 2000 1422 2118 potuissem.
1483 1999 1554 2090 Ne
1588 2031 1682 2086 vero
1718 2003 1795 2084 hoc
1825 2004 1939 2114 gratis
1969 2001 2112 2083 dietum
2146 1997 2216 2098 stt,
2246 2009 2458 2104 examinet¹

1006 2125 1206 2234 ..regulam
1235 2117 1480 2236 sequentem,
1510 2113 1664 2234 ejusque
1683 2120 1894 2234 perituium
1926 2115 2040 2204 faciat
2063 2119 2103 2200 in
2126 2119 2250 2208 variis.
2267 2125 2429 2234 corpori
2457 2131 2458 2148 ¹

1036 2239 1123 2325 bus.

1461 2517 1469 2532 .
1600 2451 1867 2546 XVIII.

1094 2687 1154 2774 Sit
1172 2691 1271 2774 ratio
1288 2686 1484 2804 gravitatis
1498 2681 1677 2800 specifica
1699 2691 1869 2804 eorporis
1888 2689 2046 2798 aiicujus
2069 2695 2109 2774 δι
2130 2715 2268 2805 aqua,
2285 2709 2331 2776 ut
2349 2723 2369 2772 c
2387 2689 2425 2775 ad

1035 2834 1094 2895 at
1130 2807 1312 2920 adeoque
1340 2801 1509 2916 ejusdem
1540 2810 1713 2918 corporis
1746 2809 1942 2920 gravitatis
1979 2803 2189 2906 absoluta,
2226 2811 2298 2892 vel
2335 2815 2458 2906 extra}

1033 2949 1207 3035 aquam,
1240 2925 1291 3008 ad
1324 2927 1553 3038 gravitatem
1573 2926 1803 3024 relativam,
1845 2927 1910 3010 vel
1942 2931 2038 3010 iutra
2065 2951 2237 3036 aquam,
2267 2953 2313 3008 ut
2342 2925 2425 3008 cad
2457 2927 2458 3018 I

1033 3069 1145 3125 ι...
1164 3071 1209 3123 a:
1238 3041 1334 3124 Dico
1355 3073 1518 3124 numeros
1546 3043 1799 3150 ‹fir'llarr'onum
1811 3101 1824 3141 ,
1855 3069 1978 3142 extra,
2008 3043 2054 3136 es*
2076 3052 2176 3126 intra
2206 3071 2368 3155 aqum,
2394 3077 2421 3122 r-

1034 3165 1135 3270 quali
1162 3186 1314 3270 tempore
1323 3171 1573 3270 poeticarum,
1590 3161 1675 3266 fore
1698 3185 1740 3242 ue
1766 3164 1962 3262 dende!
1981 3167 2118 3256 (c—
2141 3188 2163 3243 a
2175 3173 2206 3265 ).
2245 3159 2353 3276 Ope
2369 3163 2421 3244 hu·

1032 3275 1093 3380 jus
1128 3274 1315 3390 Regula,
1339 3279 1493 3376 inveni,
1517 3307 1565 3360 ex
1596 3276 1683 3359 data
1713 3273 1861 3360 ratione
1889 3277 2084 3392 gravitatis
2111 3305 2218 3390 aquae
2242 3285 2286 3360 ἃ·
2312 3283 2419 3362 vario

1033 3417 1118 3472 rum
1140 3421 1369 3502 corporum,
1403 3423 1604 3478 numerum
1636 3389 1939 3492 oscillationum‚
1964 3421 2057 3504 quas
2083 3395 2237 3476 iliorum
2270 3395 2413 3509 singnin

1032 3531 1118 3588 rum
1151 3507 1321 3616 pendula
1353 3511 1393 3588 in
1419 3537 1518 3622 aqua
1554 3509 1792 3606 conficiunt,
1830 3538 1910 3593 uno
1935 3511 2037 3593 horae
2063 3513 2244 3598 minuto,
2277 3511 2373 3596 dum
2392 3519 2416 3594 in

1031 3626 1122 3706 aste
1149 3635 1360 3734 [tanquam
1396 3649 1477 3704 non
1518 3627 1625 3738 gravi
1658 3624 1930 3724 confidemto]
1958 3621 2162 3710 absolvunt
2189 3657 2268 3710 120
2304 3633 2413 3717 vibra·

1033 3739 1175 3825 tiones.
1237 3735 1369 3848 Quod
1400 3741 1565 3824 calculus
1595 3735 1765 3856 suggessit
1799 3745 1839 3827 in
1868 3739 2090 3856 sequentem
2129 3737 2347 3830 Tabeliatn
2376 3777 2417 3832 re

1032 3854 1145 3970 degi3
1178 3887 1227 3942 ex
1255 3886 1332 3970 qua
1354 3857 1489 3942 videre
1515 3860 1570 3942 est
1599 3887 1799 3944 numerum
1819 3855 2097 3944 oscillationum
2131 3860 2233 3942 haud
2267 3867 2415 3948 multuo

1030 3971 1218 4064 differret
1247 3974 1315 4057 etfi
1342 4003 1505 4086 corpora
1537 3971 1614 4085 ipsa
1642 3977 1865 4062 notabiliter
1892 3972 2104 4090 discrepent
2126 3977 2280 4062 ratione
2309 3983 2421 4095 grati·
2457 4035 2458 4044 r

1030 4091 1134 4170 tatis.
1173 4087 1352 4200 Exempli
1374 4093 1516 4202 gratia,
1544 4117 1703 4189 aurum,
1724 4093 1815 4174 lieet
1833 4093 2037 4206 quInquies
2060 4093 2139 4180 fere
2157 4089 2318 4206 superet
2339 4127 2427 4184 mar·

1029 4232 1119 4288 mor
1148 4207 1188 4288 in
1214 4210 1326 4305 aire,
1354 4213 1395 4288 &
1431 4209 1593 4292 omnino
1620 4202 1738 4292 sexies
1772 4211 1812 4292 in
1843 4236 1974 4322 aqua,
2013 4211 2079 4294 vix
2110 4235 2242 4296 tamen
2280 4213 2433 4300 decima

1027 4347 1138 4432 parte
1166 4323 1294 4439 plures
1316 4324 1356 4406 in
1388 4347 1490 4436 aqua
1519 4319 1773 4412 oscillationes
1807 4326 1963 4416 conficit
1993 4355 2148 4429 aurum,
2173 4355 2300 4442 quarn
2335 4358 2433 4422 mat-

1028 4466 1129 4526 tnor.
