5500 6884
966 787 1212 900 [ης]

382 961 576 1238 a
725 1308 730 1313 ,
948 952 1784 1239 taxonem

930 1334 1018 1443 rc.
1061 1342 1244 1445 xxx.

504 1578 1666 1753 Jonnursoxxuouxur

416 1782 702 1901 Supplemtnrrrm
714 1749 866 1897 &selim
895 1784 1100 1987 θιοηῖινὶι
1130 1780 1365 1873 Cartefianae
1391 1800 1488 1871 circa
1505 1788 1753 1874 inventionem

1026 1934 1177 1988 acorum.
1387 1922 1391 1929 '

192 1640 195 1757 l

191 1988 202 2419 q
386 2066 583 2155 Annotaetae
601 2070 757 2183 quedem
780 2078 823 2149 in
845 2065 1110 2173 schediasmate
1133 2020 1419 2155 Leibnitianum
1451 2070 1498 2166 ἀ
1521 2066 1781 2157 Tschirnhau·

610 2184 753 2269 sianum
765 2246 779 2283 ,
810 2192 851 2265 in
871 2191 998 2267 ultimo
1022 2185 1202 2269 Aliorum
1224 2181 1421 2270 Novembr.
1450 2190 1560 2273 edita.

414 2346 481 2441 De
505 2348 798 2461 complanatione
806 2328 1071 2463 superficierum
1097 2350 1356 2437 Comideaerum
1374 2353 1421 2447 cl*
1443 2349 1749 2463 d'phaeroidearum.

623 2513 810 2599 Problemae
837 2547 975 2599 novum
1003 2501 1291 2604 Mathematici
1318 2519 1544 2629 propofitum.

387 2726 420 2817 Ι.
585 2730 631 2821 U
647 2750 726 2814 ΑΝ
739 2750 770 2816 τ
784 2752 870 2820 υΜ
899 2728 1136 2819 Geometriae
1166 2734 1445 2819 incrementum
1474 2729 1695 2830 accesserit,
1731 2760 1780 2816 ex
1798 2734 1967 2896 silisis}

635 2964 806 3062 alculus,
836 2964 991 3048 nemine
1014 2966 1247 3065 invidente,
1277 2970 1417 3077 primas
1448 2970 1624 3064 tenebit,
1657 2966 1776 3047 incla·
1797 2895 1866 3052 lll-
1886 2912 1951 2976 m

341 3156 348 3168 .
386 3096 568 3180 ruerunt,
599 3081 705 3165 mille
723 3082 970 3164 inventorum
995 3082 1172 3193 exempla
1197 3082 1476 3191 comprobanr;
1512 3112 1629 3195 quta,
1661 3080 1781 3164 srve·

388 3226 473 3279 rum
484 3196 612 3283 dicere
631 3198 686 3281 fas
700 3197 767 3295 est,
789 3198 920 3280 nostro
939 3196 1017 3279 hoc
1040 3224 1151 3297 evo,
1176 3222 1219 3280 ut
1231 3186 1428 3309 superiora
1447 3222 1617 3297 taceam,
1645 3199 1782 3281 etiam·

319 3376 322 3380 -
388 3343 481 3397 num
515 3345 587 3428 pro
619 3307 694 3403 des
712 3314 824 3399 eratis
856 3312 1135 3397 habebantur:
1173 3313 1505 3425 quemadmodum
1535 3344 1584 3399 ex
1611 3314 1783 3427 plurimis

387 3343 1067 3517 modemorum.llamematicorun
1098 3422 1243 3543 scriptis
1277 3432 1470 3538 conjicere
1509 3432 1614 3517 licet.
1678 3427 1786 3521 Non
1892 3533 1897 3544 Ι

388 3547 548 3659 quidem
583 3543 748 3645 desunt,
778 3548 847 3657 qui
882 3548 1044 3629 meliora
1069 3574 1150 3629 non
1188 3546 1317 3630 edocti
1342 3546 1519 3632 audasler
1545 3548 1658 3633 nimis
1688 3544 1781 3631 alse-

388 3667 498 3763 runt,
524 3666 620 3747 nihil
638 3658 712 3747 elle
730 3662 770 3743 in
790 3684 874 3745 tota
892 3656 1086 3761 Mathefi‚
1110 3691 1183 3775 pro
1203 3692 1283 3775 quo
1305 3667 1520 3747 communis
1534 3650 1777 3763 Geometria,

388 3805 412 3862 a
438 3775 736 3867 CARTEslo
759 3772 915 3892 aliisque
935 3778 1096 3878 tradita,
1121 3808 1202 3862 non
1219 3773 1364 3863 sufficit.
1392 3774 1478 3864 Alii
1494 3782 1611 3891 paulo
1631 3780 1780 3891 aequio·

387 3899 437 3979 ris
456 3897 589 4004 judicii
615 3897 666 3980 ab
695 3922 742 3980 ea
765 3900 897 4007 infiniti
918 3919 1069 3980 tantum
1092 3894 1439 3980 confiderationem
1472 3896 1707 3985 excludunt;
1737 3898 1778 3978 δι

388 4012 460 4097 hac
479 4016 518 4095 in
537 4039 645 4125 parte
667 4016 749 4121 ejus
772 4012 1077 4097 imbecillitatem
1102 4014 1281 4097 lubenter
1306 4008 1537 4126 agnoscunt,
1569 4012 1778 4097 admitten-
1904 4024 1907 4032 '

388 4152 447 4213 tes
480 4133 630 4215 interim
666 4123 990 4212 indiscriminatim
1015 4130 1178 4228 omnia,
1231 4158 1333 4243 quo»
1351 4133 1450 4214 circa
1483 4128 1607 4215 finitas
1640 4137 1680 4214 δι
1714 4158 1775 4213 or-

389 4246 553 4331 dinarias
582 4247 814 4360 quantitates
854 4240 1058 4329 versantur.
1122 4245 1201 4331 Sed
1227 4244 1371 4357 quidfi
1402 4248 1627 4346 ostendam,
1660 4248 1777 4329 etiam

390 4362 476 4464 bic,
502 4364 620 4447 multa
643 4362 870 4460 desiderati,
896 4390 980 4475 quae
994 4362 1194 4476 vulgarem
1211 4360 1482 4450 Geometriam
1505 4369 1641 4451 mirum
1655 4386 1778 4475 quan·

390 4504 473 4564 tum
509 4480 766 4593 imperfectam
795 4480 1015 4591 relinquunt
1039 4486 1057 4563 't

395 4612 409 4637 ⁹
448 4594 609 4684 Notum
634 4598 710 4694 est,
768 4594 968 4681 otilsrmam
998 4594 1203 4705 Carrefianae
1231 4620 1379 4709 partem
1409 4590 1658 4707 conscriptam
1687 4588 1776 4695 elle,

389 4740 463 4824 pro
488 4712 730 4801 inveniendis
741 4626 859 4797 locis
879 4721 920 4797 &
946 4738 1080 4796 natura
1103 4741 1325 4811 curvarum,
1357 4736 1540 4825 tanquam
1567 4716 1723 4799 materia
1736 4712 1778 4797 in

391 4826 651 4917 Geometticis
686 4822 820 4913 summi
846 4834 1062 4915 momenti:
1094 4828 1254 4917 Notum
1284 4858 1381 4915 vero
1409 4832 1525 4915 etiam
1559 4822 1778 4943 est,‘''quod
1899 4872 1902 4879 ⁴

391 4948 599 5033 methodus
619 4942 805 5034 Auctoris
829 4939 974 5062 semper
1004 4941 1191 5064 supponat
1198 4972 1388 5151 ‚Vcenam
1410 4947 1603 5064 quandam
1622 4948 1701 5031 dari
1719 4972 1776 5027 re·

882 5096 889 5101 ·
1306 5098 1328 5152 a
1596 5064 1782 5149 lationem

594 2876 678 3049 quo
691 2848 804 2931 variae
815 2846 1052 2932 infinitorum
1061 2846 1268 2950 Methodi,
1284 2854 1384 2937 inter
1394 2880 1488 2965 quas
1497 2846 1777 2937 Differentialis
