5500 6884
1575 407 1595 472 1

990 813 1043 886 16
1144 787 1269 885 lul.
1330 774 1431 876 DE
1479 767 2213 874 EFFERVESCEN'TIA

837 1003 840 1011 ·
982 964 1088 1075 poris
1096 969 1271 1072 patientis
1293 949 1454 1040 nomine
1471 953 1636 1038 veniat:
1665 947 1855 1063 simulque
1874 971 2054 1060 apparet,
2095 971 2163 1034 cur
2191 951 2277 1061 post
2308 951 2365 1042 ef·

980 1073 1288 1173 l'ervelcentiam,
1318 1069 1519 1156 stacidum
1540 1073 1581 1151 &
1606 1065 1739 1165 alcali,
1769 1093 1855 1180 quae
1873 1091 1977 1150 nunc
2012 1068 2217 1172 conjunda
2243 1063 2327 1156 sunt
2342 1128 2365 1170 .,

980 1189 1099 1278 rursm
1106 1219 1184 1302 ope
1198 1189 1317 1300 ignis,
1338 1210 1406 1270 aut
1427 1186 1501 1268 alia
1519 1185 1647 1296 aliqua
1675 1212 1716 1266 re
1730 1174 1973 1296 separentur,
2003 1181 2157 1264 acidum
2169 1185 2267 1267 illud
2277 1213 2364 1270 cum

978 1311 1057 1392 alio
1087 1307 1219 1402 alcali,
1250 1301 1362 1414 quod
1389 1298 1565 1385 nondum
1598 1293 1919 1383 effervescentiam
1953 1295 2096 1407 pallum
2119 1299 2193 1396 est,
2224 1303 2364 1386 iterum

936 1414 939 1419 ’
977 1422 1137 1536 quidem
1155 1413 1402 1502 effervescere
1424 1411 1536 1528 pollit
1548 1475 1562 1514 ,
1593 1413 1702 1498 alcali
1724 1443 1847 1512 vero,
1877 1412 1989 1525 quod
2007 1408 2124 1496 semel
2146 1412 2363 1516 efferbuit,

976 1537 1161 1620 eumalio
1178 1531 1295 1616 acido
1323 1558 1522 1644 nunquam
1540 1531 1703 1641 amplius
1727 1523 1977 1614 effervescat:
2007 1527 2168 1612 evidens
2193 1556 2364 1642 namque

975 1653 1030 1736 est
1051 1681 1100 1734 ex
1122 1645 1401 1760 hypothefibus
1419 1650 1540 1746 meis,
1570 1643 1671 1730 acidi
1692 1645 1934 1758 (liceatillas
1953 1645 1995 1726 iu
2014 1643 2207 1754 postenun
2228 1643 2365 1730 srcvo-

853 1799 857 1806 ’
929 1787 933 1796 ’
973 1764 1100 1872 care)
1126 1758 1213 1861 seu,
1244 1763 1356 1875 quod
1376 1761 1481 1848 idem
1504 1764 1560 1846 est
1582 1763 1699 1860 milti,
1731 1761 1905 1872 corporis
1921 1771 2061 1870 agentis
2080 1759 2283 1870 particulas
2303 1759 2364 1846 ef·

970 1875 1222 1967 fervescendo
1240 1907 1323 1964 non
1344 1880 1509 1977 mutari,
1541 1877 1648 1961 licuti
1669 1877 1779 1962 alcali
1793 1877 1859 1960 vel
1885 1877 2058 1987 corporis
2071 1885 2249 1986 parientis
2273 1903 2362 1988 par-

971 1996 1098 2080 ticulae
1113 2018 1336 2084 mutanturr
1367 1992 1556 2105 fiquidem
1577 1995 1650 2076 illae
1662 2052 1676 2092 ,
1707 1993 1910 2104 postquam
1932 1993 1999 2076 has
2012 1989 2273 2104 diffregerint,
2299 1993 2362 2078 in·
2416 2081 2419 2091 ,

969 2135 1086 2223 tegrae
1113 2133 1293 2208 manent,
1323 2107 1498 2220 ideoque
1520 2107 1572 2190 ad
1599 2111 1755 2192 ulterius
1775 2102 2101 2192 effervescendum
2124 2107 2252 2192 adhuc
2269 2106 2361 2192 ido·

968 2255 1073 2314 neaer
1104 2226 1162 2308 hae
1185 2251 1308 2323 vero,
1336 2225 1427 2334 quia
1446 2223 1496 2306 ab
1518 2223 1594 2307 illis
1616 2221 1905 2336 diffringuntur,
1936 2229 1977 2306 δι
2000 2227 2064 2306 air
2074 2225 2172 2307 intra
2195 2247 2361 2310 conten·

968 2363 1031 2425 tus
1050 2337 1291 2437 excluditur,
1322 2342 1460 2420 mirum
1481 2365 1565 2422 non
1590 2341 1670 2438 cll,
1700 2337 1750 2437 st,
1774 2339 1860 2449 post
1885 2363 2001 2420 unam
2020 2333 2361 2437 effervescentiam,

966 2457 1113 2540 nullam
1142 2454 1303 2564 amplius
1328 2451 1478 2538 efficere
1500 2478 1675 2566 queant:
1706 2481 1843 2539 verum
1861 2453 2110 2538 nihilominus
2133 2479 2263 2540 tamen
2277 2457 2360 2554 est,

966 2570 1078 2680 quod
1097 2593 1375 2685 nonnunquam
1404 2569 1613 2679 (quamvis
1630 2569 1754 2674 raro)
1776 2567 1930 2652 acidum
1942 2631 1956 2670 ,
1997 2597 2107 2680 oeque
2132 2597 2179 2652 ac
2209 2569 2362 2669 alcali,

963 2685 1050 2793 post
1071 2677 1396 2766 effervel'centiam
1416 2682 1645 2766 inidoneum
1668 2682 1849 2767 reddatur
1861 2715 1874 2773 ς
1905 2683 2002 2766 illud
2030 2707 2161 2768 autem
2182 2685 2274 2768 inde
2296 2683 2362 2784 fit,

963 2796 1133 2908 quando,
1145 2797 1336 2908 particulae
1354 2797 1469 2879 alcali
1495 2793 1581 2880 sunt
1604 2801 1717 2882 nimis
1743 2796 1846 2882 dtuae
1858 2857 1873 2897 ,
1903 2799 1970 2882 vel
1999 2822 2134 2884 contra
2162 2800 2362 2910 partictdae

963 2910 1064 2994 acidi
1083 2906 1169 2994 sunt
1187 2912 1300 2993 nimis
1320 2913 1461 2996 molles
1482 2919 1522 2994 δι
1550 2909 1723 3012 debiles,
1745 2937 1792 2996 ut
1810 2908 2120 3012 effervescendO,
2151 2918 2192 2998 δι
2214 2915 2363 3028 impin·
2426 2999 2432 3010 ,

795 3059 827 3100 ,·
962 3024 1125 3136 gendo,
1145 3027 1274 3138 anguli
1300 3029 1384 3134 ejus
1422 3027 1682 3128 abradantur,
1720 3029 1788 3112 vel
1816 3021 1948 3112 saltem
1973 3025 2267 3122 obtundantutr
2307 3057 2360 3116 ex

961 3167 1044 3248 quo
1065 3135 1257 3249 sequitur,
1299 3154 1460 3226 omnem
1499 3141 1606 3226 limul
1648 3145 1764 3226 etiam
1794 3147 1876 3250 ejus
1899 3148 1979 3226 vim
2006 3141 2281 3230 effervescendi
2314 3149 2360 3230 in

956 3252 1155 3357 posterum
1181 3254 1364 3363 ubtundi.
1425 3253 1630 3364 Perpetem
1657 3261 1711 3337 ita
1740 3283 1789 3336 ue
1827 3251 1894 3336 Cl.
1924 3251 2270 3357 ΒοΝτΕΚοΕ,
2313 3271 2360 3342 in

930 3360 1016 3468 ‘stro
1045 3359 1168 3442 Tralli
1192 3365 1237 3442 de
1258 3389 1383 3450 motu,
1415 3367 1566 3461 statuit,
1597 3393 1678 3446 non
1705 3285 1828 3448 llrlum
1851 3367 2028 3466 acidum,
2059 3365 2127 3455 sed
2159 3377 2201 3456 δι
2226 3373 2360 3474 alcali,

954 3476 1159 3584 postquem
1178 3473 1463 3574 efferbuerunt,
1495 3477 1522 3558 fi
1540 3473 1661 3560 rursus
1683 3472 1929 3590 separentur,
1959 3479 2157 3570 vimsuam
2174 3485 2361 3576 efferves-

954 3587 1070 3670 cendi
1098 3590 1289 3676 retinerer
1322 3617 1412 3672 cum
1441 3586 1505 3673 hic
1528 3591 1580 3676 de
1613 3589 1697 3678 solo
1720 3595 1836 3680 acido
1867 3597 1909 3681 id
1930 3597 2122 3686 ostensum
2148 3603 2213 3688 srt:
2237 3605 2359 3690 idcir·

955 3729 1006 3783 co
1031 3697 1101 3784 Cl.
1126 3696 1203 3786 Vir
1222 3731 1272 3784 ex
1295 3702 1375 3785 hoc
1397 3731 1480 3787 non
1508 3712 1616 3794 recte
1643 3735 1951 3822 argumentatum
1997 3745 2171 3828 magnam
2203 3733 2357 3804 interce-

952 3819 1036 3895 dere
1055 3813 1291 3925 diffitendum
1312 3825 1409 3899 inter
1431 3816 1730 3930 ffrvestentiaem
1756 3829 1803 3922 ό·
1816 3831 2159 3936 fermentationem,
2191 3861 2357 3948 propter

951 3929 1051 4008 hanc
1080 3933 1294 4020 rationem,
1319 3939 1408 4040 quia
1427 3939 1574 4018 acidum
1597 3938 1642 4031 ἀ·
1663 3945 1773 4026 alcaeli
1785 3945 1867 4052 post
1888 3941 2188 4056 effervescentem
2196 3952 2355 4064 separa·
2442 4043 2444 4048 ,
2496 3961 2497 4048 J

948 4064 991 4120 ta
1006 4051 1138 4122 iterum
1155 4040 1406 4152 plumescant,
1438 4056 1542 4158 quod
1557 4065 1758 4138 veroium
1773 4066 1978 4166 particulas
2011 4095 2058 4144 rx
2065 4067 2358 4171 fermentatione
2445 4061 2450 4066 ⁵
2496 4061 2497 4090 l

935 4153 1240 4264 strperstiterfieri
1259 4187 1424 4268 nequeat·
1487 4163 1592 4265 Sed,
1628 4173 1726 4254 tanti
1757 4165 1849 4261 Viri
1866 4201 1983 4286 pace;
2017 4205 2107 4260 nam
2125 4185 2359 4290 praeterhoc
2496 4165 2497 4218 l

948 4268 1060 4378 quod
1077 4272 1155 4374 jam
1185 4273 1365 4374 ostendi,
1397 4278 1510 4360 alcali
1518 4281 1621 4474 post
1638 4287 1802 4394 primam
1825 4285 2150 4376 effervescentiam
2182 4299 2357 4408 amplius
2496 4283 2497 4332 ³

945 4407 1029 4514 non
1043 4381 1299 4514 'effervescere
1323 4391 1430 4497 (nist
1455 4392 1518 4476 for
1532 4421 1581 4477 an
1605 4401 1688 4505 ejus
1706 4405 1901 4514 particule
1922 4431 2003 4487 non
2027 4433 2189 4509 omnes,
2221 4439 2357 4524 apar-
2496 4423 2497 4460 ³

943 4495 1072 4576 trculrs
1095 4498 1220 4598 acidi,
1251 4503 1291 4583 in
1310 4505 1435 4611 prima
1458 4506 1768 4616 effervescentia,
1800 4517 1872 4601 smt
1892 4515 2092 4620 diffrartae,
2125 4553 2212 4636 quae
2233 4527 2356 4615 dein-

830 4687 833 4691 ,
942 4603 996 4686 de
1020 4601 1188 4694 secunda
1211 4613 1405 4728 diffringi‚
1437 4629 1477 4706 δι
1498 4623 1551 4708 de
1573 4653 1686 4712 novo
1705 4626 2031 4718 effervescentiam
2057 4665 2243 4750 generare
2256 4641 2355 4756 pol·
2496 4665 2497 4706 ³

827 4791 833 4799 .
940 4712 1051 4850 suntr
1071 4717 1139 4805 sed
1157 4728 1238 4811 haec
1259 4731 1380 4814 altem
1401 4739 1565 4848 primam
1585 4767 1667 4827 non
1686 4740 1854 4856 spectat,
1884 4751 1977 4859 quia
1997 4745 2130 4838 saltem
2159 4758 2234 4842 illae
2256 4789 2355 4872 par·
2490 4771 2494 4823 ²

937 4831 1086 4936 11021222
1117 4843 1718 4962 quaeinprimreffubuenm‚
1748 4856 2038 4968 urseruudaid
2061 4873 2234 5080 ampligs
2259 4903 2353 4961 non
2490 4901 2497 4951 Δ

1088 4989 1093 4998 ·
2211 4989 2356 5099 ciunt)
2494 5063 2495 5066 κ
