5500 6884
638 830 1426 932 DENUYRITIONE.
1678 857 1766 958 ‘289'

211 1073 234 1125 3„-
369 1005 541 1094 hominis
556 1005 826 1118 quotidirnum
837 1009 981 1090 vidum
992 1008 1067 1094 esse
1087 1010 1267 1096 libranum
1278 1018 1384 1097 oc‘to.
1418 1007 1677 1126 Compertum
1696 1016 1764 1104 ha·
1800 1015 1809 1026 ’

210 1199 215 1208 .
370 1127 457 1212 buit
472 1125 670 1236 praeclarus
689 1125 755 1208 ille
770 1121 1091 1226 sinemurus,
1117 1156 1188 1239 per
1209 1129 1462 1240 multiplicem
1488 1133 1762 1242 experientiam

211 1237 228 1328 ’.
369 1241 568 1354 viginti&
586 1239 752 1352 plurium
781 1267 970 1326 annorum
997 1266 1117 1356 atque
1145 1271 1215 1356 per
1243 1238 1534 1332 observationes
1563 1247 1764 1362 singulares

212 1353 229 1446 “,
370 1357 471 1442 hanc
496 1357 538 1438 in
564 1383 649 1439 rem
678 1357 791 1440 unice
819 1358 1027 1458 institutas,
1048 1360 1170 1558 ‘quod
1199 1362 1323 1444 homo
1353 1357 1461 1446 sanus
1483 1387 1764 1475 temperamen-
1847 1381 1853 1389 '

370 1472 526 1560 tibene
555 1471 788 1570 constituti,
826 1475 1047 1588 quinquage
1062 1502 1177 1560 imam
1207 1476 1357 1562 circiter
1384 1501 1532 1588 partem
1562 1503 1765 1568 convertat

372 1591 414 1674 in
444 1590 617 1700 corporis
642 1589 699 1672 sui
727 1581 999 1673 substantiam:
1030 1591 1165 1678 Sumta
1192 1594 1306 1705 igitur
1335 1594 1647 1709 quinquagesima
1676 1621 1762 1705 par·

372 1729 415 1790 te
443 1709 536 1790 ouo
566 1703 772 1803 librarum,
790 1709 1024 1818 provenient
1058 1717 1127 1817 5225,
1148 1703 1344 1794 semuncia
1373 1739 1448 1822 pro
1480 1705 1764 1795 novasubstan·

372 1823 452 1921 tia,
485 1847 600 1933 quam
627 1820 771 1905 athleta
797 1824 924 1907 noster
954 1821 1107 1936 smgulis
1135 1823 1274 1909 diebus
1302 1828 1457 1937 corpori
1479 1821 1547 1910 suo
1573 1825 1763 1916 ruminet

371 1937 416 2024 id
435 1936 558 2049 quod,
577 1938 665 2018 armi
686 1932 822 2048 spatio,
838 1935 954 2022 efficit
980 1952 1030 2040 58
1057 1938 1127 2024 lib.
1157 1945 1232 2049 12}
1259 1933 1429 2028 semunc.
1462 1942 1538 2026 hoc
1569 1943 1650 2040 est,
1668 1935 1774 2054 plus·

370 2081 491 2170 quarn
533 2052 713 2136 trientem
753 2053 936 2163 ponderis
974 2056 1095 2137 torius
1133 2059 1346 2166 torporis:
1397 2055 1628 2142 tantundem
1669 2083 1766 2170 ergo

372 2172 491 2254 etiam
519 2196 588 2279 per
617 2169 840 2253 continuam
868 2167 1146 2281 dissipationem
1172 2171 1223 2255 de
1251 2164 1456 2256 substantia
1492 2173 1664 2285 corporis
1693 2173 1764 2260 de·

371 2285 484 2401 perdi
512 2283 655 2384 debet,
686 2279 932 2398 supponimus
962 2288 1067 2370 enim
1094 2290 1221 2372 virum
1250 2286 1360 2370 illum
1389 2285 1463 2373 esse
1494 2291 1535 2370 in
1561 2285 1767 2372 consisten⁴

371 2426 415 2488 te
444 2403 562 2500 statu,
592 2403 632 2484 in
662 2429 744 2514 quo
770 2402 952 2486 nimirum
980 2404 1101 2486 totius
1131 2405 1303 2514 corporis
1332 2402 1485 2513 pondus
1515 2432 1584 2516 per
1603 2404 1765 2516 longum

214 2618 220 2628 ι
371 2542 525 2630 tempus
537 2545 619 2601 non
649 2540 828 2602 mutanu.
887 2524 975 2630 Jam
997 2547 1117 2617 vero,
1140 2517 1407 2631 fideperditio
1427 2549 1518 2605 eum
1538 2520 1579 2603 in
1602 2517 1766 2604 modum

212 2648 228 2737 ἦ
369 2631 448 2720 sese
477 2632 659 2732 haberet,
690 2656 735 2716 ut
763 2633 1004 2720 vetustissima
1032 2637 1191 2720 materia
1219 2638 1402 2748 corporis·
1422 2637 1587 2747 primum
1616 2633 1767 2735 abiret,

220 2769 225 2776 ’
373 2748 518 2837 deinde
547 2778 632 2863 quae
659 2749 835 2862 proxime
864 2752 991 2836 minus
1018 2752 1169 2836 vetusta
1197 2753 1287 2850 est,
1328 2757 1370 2835 δι
1400 2751 1450 2836 fic
1480 2746 1678 2836 successlve
1715 2747 1768 2836 ad

373 2865 661 2953 recentissimam
690 2857 845 2977 usque,
885 2866 1030 2954 eodem
1059 2897 1200 2982 nempe
1230 2867 1368 2952 ordine
1398 2896 1480 2981 quo
1511 2869 1664 2979 corpori
1694 2863 1769 2950 fuit

373 2982 618 3070 adsimilatus
658 2974 878 3093 sequeretur
920 3011 1058 3095 corpus
1088 3012 1171 3070 non
1200 2982 1325 3068 modo
1356 2982 1463 3068 idem
1493 3010 1655 3068 numero
1683 3007 1767 3068 non

374 3127 560 3197 manere,
590 3091 737 3182 sedita
766 3098 930 3183 omnino
959 3097 1144 3212 dissipari,
1174 3122 1219 3182 ut
1247 3098 1406 3183 tandem
1435 3126 1485 3184 ne
1503 3099 1660 3182 minima
1679 3095 1764 3208 qui-

229 3283 238 3294 .
374 3216 469 3301 dem
496 3213 679 3328 particula
709 3217 791 3322 ejus
818 3208 998 3326 superstes
1027 3238 1245 3315 remaneat,
1263 3215 1349 3299 alio
1367 3216 1446 3321 jam
1474 3214 1587 3325 plane
1602 3237 1768 3322 corpore

374 3336 457 3442 ejus
486 3332 620 3416 locum
645 3353 883 3444 occupanter
909 3336 949 3413 δι
974 3331 1053 3415 hoc
1080 3336 1194 3444 padio
1225 3331 1390 3414 calculus
1420 3328 1521 3415 soret
1550 3325 1766 3415 levissimus:

376 3449 619 3546 cummim,
651 3447 740 3529 anni
770 3441 918 3558 spatio,
950 3461 1004 3551 58
1028 3447 1097 3532 lib.
1136 3450 1221 3554 12ss
1251 3440 1420 3530 semunc.
1457 3471 1569 3532 nova
1602 3444 1768 3529 materiae

377 3567 530 3678 corpori
555 3562 736 3660 accedat,
769 3568 809 3646 &
838 3563 1064 3650 tantundem
1088 3560 1297 3648 ·de·veteri
1326 3585 1490 3674 pereat,
1522 3559 1770 3674 quarendum
1823 3583 1827 3590 ·

377 3709 526 3768 tantum
538 3682 592 3765 est
604 3707 683 3790 ope
702 3675 868 3791 Regulae
892 3705 1038 3778 arueae,
1069 3702 1256 3792 quanmm
1279 3708 1373 3790 ergo
1392 3681 1577 3790 temporis
1597 3679 1774 3789 require«,
1896 3701 1897 3704 ‘

377 3823 481 3886 retur
502 3796 554 3881 ad
575 3793 798 3909 dissipandas
826 3825 902 3898 150
918 3795 1055 3893 libras,
1080 3797 1246 3880 materie
1267 3790 1409 3878 scilicet
1435 3798 1555 3878 totius
1569 3795 1767 3902 corporisa

377 3915 476 4000 sada
509 3908 799 4026 supputatione,
833 3914 1040 4023 reperietur
1085 3912 1195 4026 quod
1235 3911 1422 4023 diffipatio
1452 3912 1571 3992 totius
1598 3906 1770 4016 corporis

376 4029 568 4116 accideret
589 4031 688 4112 intra
711 4027 910 4113 biennium
938 4034 980 4112 dc
1012 4057 1093 4136 207
1112 4035 1136 4128 ὲ
1163 4026 1270 4128 dies·,
1301 4026 1403 4112 adeo
1425 4049 1468 4108 ut
1488 4024 1667 4120 materia,
1692 4045 1771 4134 qua

377 4149 496 4234 nostri
516 4150 590 4232 viri
605 4171 744 4256 corpus
768 4147 845 4229 hoc
869 4139 952 4258 ipso
974 4169 1177 4230 momento
1197 4146 1469 4256 componitur,
1497 4143 1581 4254 post
1607 4163 1682 4222 tres
1702 4165 1769 4222 ana

379 4294 455 4350 nos
478 4293 560 4350 non
581 4286 731 4347 tanturn
758 4285 843 4345 rota
864 4259 966 4346 foret
991 4255 1059 4345 usu
1083 4260 1224 4346 detrita
1254 4269 1295 4347 δι
1325 4253 1546 4358 consumta,
1571 4251 1637 4341 sed
1666 4252 1773 4358 simui
1917 4313 1919 4318 ,

379 4386 497 4486 etiam
521 4381 628 4469 bona
650 4404 736 4496 pars
758 4405 873 4464 novae
898 4405 984 4495 quae
1006 4378 1049 4466 in
1071 4377 1204 4464 locum
1228 4383 1310 4491 ejus
1331 4371 1536 4470 successura
1558 4371 1665 4470 essct.

990 4606 1170 4702 XVII.

324 4953 328 4960 ,
436 4849 493 4940 Et
513 4851 672 4969 quidem
693 4852 770 4936 hot
792 4850 954 4938 omnino
976 4847 1030 4932 ita
1052 4845 1220 4931 situatum
1242 4843 1316 4932 esse
1337 4864 1466 4956 patet,
1481 4841 1531 4942 sr,
1546 4861 1589 4926 ut
1609 4835 1710 4935 dixi,
1734 4833 1776 4922 in

377 4965 620 5082 'dissipatione
652 4971 918 5081 particularum
950 4965 1055 5052 idem
1088 4966 1273 5073 temporis
1303 4962 1404 5052 ordo
1434 4990 1456 5045 a
1483 4986 1615 5048 natura
1645 4947 1773 5044 obser·

435 5089 542 5194 loun.
558 5089 738 5178 namn
762 5083 885 5202 Opera
899 5093 1021 5172 omnia
1050 5075 1224 5173 Tomi
1447 5075 1532 5171 00
1707 5095 1776 5168 ‚We
