5500 6884
622 889 726 990 nr
778 879 1593 996 frumentatores*
1767 939 1819 1026 35

421 1066 757 1184 serdentnnstrari
786 1069 868 1155 hoc
895 1073 1345 1188 experimento,.quod.
1360 1105 1442 1164 non
1466 1078 1521 1161 ita
1553 1074 1703 1190 pridem
1718 1105 1821 1166 ¹cunr

425 1193 560 1280 Fratre
571 1219 665 1275 meo
679 1189 842 1276 feliciter
851 1187 1008 1276 institui.
1068 1189 1303 1304 Sumpsrmus
1315 1220 1456 1308 nempe
1468 1195 1606 1278 tubum
1619 1215 1821 1282 recurvum

428 1303 591 1408 ABC,
622 1316 643 1406 (
656 1307 740 1418 Frg.
758 1307 832 1417 6.)
845 1309 953 1416 cujus
966 1303 1085 1392 unum
1105 1337 1190 1392 crtus
1204 1300 1289 1394 AF
1308 1305 1395 1394 satis
1430 1313 1615 1424 longum,
1643 1314 1821 1400 diametri

424 1429 573 1510 circiter
589 1418 837 1538 semipollicis
849 1483 863 1523 ,
895 1450 1050 1538 aparte
1073 1419 1118 1512 A
1146 1450 1345 1538 apertumt
1375 1429 1539 1514 alterun
1563 1459 1659 1516 vero
1690 1421 1825 1517 bre'vi·'
1833 1403 1966 1570 {122ss

428 1559 474 1630 us
490 1572 575 1626 cnn
594 1545 815 1626 uuhuumn
836 1565 919 1628 erat
940 1543 1109 1654 ampulla
1132 1537 1197 1634 (ἲς
1220 1545 1261 1626 in
1280 1573 1398 1657 quam
1416 1575 1485 1662 per
1521 1545 1710 1632 orificium
1746 1545 1819 1650 A,

426 1655 573 1744 inverso
595 1660 721 1757 tubo,
750 1657 973 1743 immifimus
1000 1684 1168 1772 quatuor
1188 1663 1345 1773 grurule
1391 1665 1560 1776 pulveris
1590 1667 1714 1776 pyriit
1749 1667 1817 1752 de·

421 1779 512 1862 inde
531 1805 620 1860 crus
640 1768 728 1861 AF
751 1776 996 1888 implevimus
1015 1804 1139 1890 aqua,
1162 1772 1352 1891 usquead
1373 1769 1437 1880 Β,
1463 1779 1639 1894 illudque
1662 1781 1818 1868 immer-

417 1894 533 1982 sunus
551 1897 592 1976 in
616 1887 810 1976 vasculum
832 1893 1050 2007 oblongum
1080 1882 1189 1980 HG
1226 1894 1363 1980 itidem
1392 1919 1492 2012 aqua
1524 1897 1703 2010 plenumr
1738 1899 1819 1986 hoc

417 2010 549 2109 fedo,
580 2034 706 2092 totam
731 2011 949 2092 machinam
971 2013 1020 2092 in·
1034 2011 1166 2094 locum
1188 2035 1442 2124 temperatum
1468 2043 1537 2128 per
1570 2009 1817 2104 semihorium

420 2121 677 2238 seposuimus,
704 2120 890 2212 utsecuri
919 2126 1190 2228 redderemur,
1214 2139 1344 2214 aerem
1365 2131 1406 2214 in
1420 2125 1541 2243 spatio
1568 2127 1693 2218 CFB
1721 2163 1820 2220 con·

418 2262 599 2342 tentum,
623 2238 769 2330 interea
788 2245 1001 2359 temporis,
1021 2244 1072 2328 ad
1093 2247 1304 2332 naturalem
1323 2246 1603 2332 consistentiam
1620 2248 1816 2338 redactum

414 2358 517 2459 else,
545 2360 575 2444 fi
602 2359 749 2443 sortea
780 2361 909 2445 calore
945 2387 1149 2462 manuum,
1185 2365 1284 2449 inter
1313 2365 1571 2478 palpandum,
1615 2367 1818 2454 raresaltus

416 2473 574 2564 suisset:
611 2477 724 2584 hujus
757 2477 890 2590 itaque
918 2481 976 2562 rei
998 2481 1207 2578 certiores,
1239 2480 1379 2566 tubum
1413 2473 1551 2566 AFC
1585 2481 1639 2565 ita
1674 2487 1823 2568 consti-i

416 2597 585 2693 ruimus,
616 2617 662 2676 tu
680 2588 894 2706 superficies
918 2617 1027 2708 aque
1049 2597 1091 2678 in
1107 2624 1161 2680 eo
1174 2619 1367 2686 contenta
1390 2589 1451 2697 B,
1483 2619 1712 2712 congrueret
1725 2623 1814 2686 curn

418 2705 615 2822 superficie
636 2737 748 2824 aqua
771 2734 937 2796 externe
955 2711 1182 2813 ambientis,
1224 2714 1336 2826 quod
1379 2737 1471 2798 tunc
1491 2716 1608 2800 nobis
1625 2716 1814 2800 indicium

416 2824 516 2928 filit,
542 2838 677 2912 a'e‘tem
710 2827 751 2910 in
773 2821 895 2938 spatio
928 2819 970 2911 C
984 2825 1060 2914 FB
1083 2853 1313 2916 contentum
1331 2831 1446 2945 plane
1477 2827 1647 2940 ejusdem
1673 2828 1822 2916 tonsis:

421 2945 549 3029 tentia
573 2940 650 3030 esse
683 2968 773 3028 curn
803 2955 892 3028 a'e're
914 2970 1100 3037 externos
1139 2947 1390 3059 postmodum
1420 2943 1643 3086 sumpsimus
1664 2949 1810 3032 machi·

422 3075 543 3156 nam,
563 3057 619 3142 ita
637 3085 828 3170 paratam,
854 3060 909 3143 de
940 3061 1033 3144 loco
1052 3056 1122 3148 suo
1142 3085 1389 3174 temperato,
1412 3061 1533 3148 radiis
1552 3093 1600 3148 ue
1623 3059 1808 3150 solaribus

420 3167 691 3286 exposuimus,
709 3176 850 3289 quibus
869 3201 952 3285 ope
971 3171 1112 3288 speculi
1145 3181 1298 3262 caustici
1319 3167 1381 3276 E,
1405 3095 1650 3264 accendimus
1669 3181 1808 3291 pulve-

415 3315 501 3377 rem
523 3292 679 3404 pyrum
694 3293 871 3405 ampullae
892 3279 937 3375 C
961 3290 1185 3384 imnuffumr
1209 3291 1321 3406 quod
1342 3321 1431 3378 curn
1453 3291 1580 3380 subito
1602 3294 1738 3396 fieret,
1764 3323 1807 3381 a·

416 3437 493 3522 qua
514 3411 556 3491 in
582 3408 686 3492 tubo
703 3403 869 3517 subjecta
885 3401 1001 3508 BA,
1024 3410 1080 3493 ob
1098 3410 1285 3522 impettun
1294 3471 1310 3510 ,
1338 3413 1509 3494 multum
1536 3413 1635 3496 ultra
1666 3414 1807 3498 limites

416 3524 704 3638 depriurcbatur
728 3525 750 3636 (
773 3523 879 3610 adeo
905 3547 949 3608 ur
973 3551 1279 3639 nonnunquam,
1297 3523 1369 3610 nist
1391 3527 1523 3641 portio
1544 3529 1629 3612 tubi
1651 3519 1740 3614 BA
1762 3529 1806 3614 srt

418 3636 499 3726 satis
520 3644 668 3754 longa,
692 3668 761 3752 per
777 3636 969 3726 orificium
993 3635 1062 3742 A,
1087 3667 1169 3726 non
1178 3638 1439 3728 solumomnis
1462 3671 1585 3760 aqua,
1609 3639 1676 3732 sed
1700 3651 1765 3730 air
1788 3673 1803 3746 3

417 3760 562 3872 expelli
582 3755 697 3872 pollit
717 3757 737 3866 )
763 3757 879 3842 nobis
898 3781 1029 3842 autem
1049 3780 1133 3842 non
1155 3759 1208 3842 ad
1231 3758 1424 3844 orificium
1441 3758 1558 3874 usque
1580 3763 1736 3872 pertigit
1746 3755 1802 3844 su·

412 3876 588 3988 perficies
607 3877 758 3960 interna
775 3857 837 3966 Br
862 3875 1028 3988 proinde
1047 3902 1108 3961 res
1130 3901 1180 3959 ex
1202 3900 1304 3960 voto
1322 3869 1513 3967 succelsrtr
1539 3877 1711 3990 ideoque
1721 3901 1802 3959 ma·

408 3994 565 4078 thinam
588 3994 832 4076 immutatam
850 3993 891 4074 in
909 3993 1078 4103 priorem
1103 3992 1514 4105 locum-temperatum
1529 3993 1801 4092 transtulimus,

411 4110 483 4194 ubi
498 4136 647 4225 aquam
667 4110 710 4192 in
721 4107 821 4194 tubo
846 4103 979 4196 sertlim
998 4104 1142 4195 rursum
1170 4104 1373 4204 ascendere
1396 4106 1709 4212 observavimus,
1741 4113 1801 4194 ni·

407 4227 635 4314 mirumob
658 4219 1046 4338 duplicemcausnm,
1068 4252 1161 4311 tum-
1179 4227 1235 4310 ob
1255 4225 1544 4312 translationem
1564 4230 1726 4314 exloco
1738 4254 1801 4310 ca·

406 4345 547 4431 lidiori
568 4346 611 4428 in
632 4341 895 4455 frigidiorem,
917 4367 1002 4428 tunt
1021 4343 1078 4428 ob
1108 4339 1236 4429 subito
1268 4339 1462 4429 incensum
1498 4343 1627 4458 ignem
1663 4347 1801 4428 iterum

403 4465 652 4550 exaudimur
682 4484 762 4544 tam
780 4459 848 4546 diu
859 4520 874 4560 ,
887 4459 1067 4573 inquam,
1089 4453 1259 4545 ascendit
1276 4487 1402 4573 aquas
1415 4457 1638 4548 donectora
1657 4458 1801 4544 machi·

405 4599 470 4664 na
489 4573 738 4692 refriguisset,
762 4579 803 4661 tc
828 4577 1025 4691 pristinum
1062 4579 1225 4678 statum,
1247 4606 1383 4691 quem
1416 4603 1506 4664 anre
1539 4575 1802 4662 accensionem

401 4693 608 4794 habebar,
628 4680 826 4786 induissetr
849 4720 934 4779 turn
950 4691 1110 4780 donum
1126 4689 1289 4810 amplius
1308 4721 1390 4780 non
1407 4690 1597 4793 ascendit,
1611 4689 1676 4779 sed
1692 4695 1803 4808 quie·

400 4814 505 4911 vir,
527 4815 644 4898 etiam
666 4841 735 4924 per
747 4837 824 4898 tres
833 4813 900 4898 vel
921 4838 1088 4925 quatuor
1108 4813 1248 4914 horas,
1278 4811 1498 4927 quurdiuin
1514 4815 1586 4898 isto
1608 4814 1704 4898 statu
1716 4837 1803 4923 per-

394 4927 690 5019 mittebantur
710 4929 760 5014 stc
784 4933 916 5043 itaque
936 4924 1197 5032 advertimus,
1223 4959 1303 5016 non
1313 4930 1364 5014 ad
1374 4931 1542 5044 priorem
1556 4921 1802 5018 terminumB

391 5039 535 5165 {usque
551 5041 782 5164 ascendisse,
807 5042 1125 5146 sednotabuiter
1141 5047 1237 5138 una
1256 5040 1316 5150 B,
1346 5050 1509 5138 limitem
1527 5043 1573 5134 D
1603 5037 1801 5166 posuisses

1222 5160 1258 5254 Ε
1315 5199 1341 5258 2
1674 5157 1804 5276 proin·
