5500 6884
664 776 779 866 uu
832 767 1456 868 nururrruun
1680 810 1765 900 301'
1840 909 1843 918 ,

367 952 424 1037 rei
453 938 626 1038 ulturum
655 947 767 1060 loqui
789 950 981 1047 velimus,
1007 947 1137 1035 dicere
1166 955 1328 1037 omnino
1353 977 1550 1056 tenemur,
1575 959 1759 1070 quemad-

266 1067 269 1071 ’
369 1069 532 1154 modum
557 1069 663 1153 illum
687 1061 904 1152 THEsEI
929 1064 1119 1168 Navem,
1145 1070 1199 1154 ita
1218 1076 1259 1154 ἀ
1278 1097 1416 1182 corpus
1436 1073 1651 1160 humanum.
1666 1083 1761 1159 idem

367 1217 511 1270 numero
543 1183 699 1270 diversrs
730 1185 971 1298 temporibus
999 1213 1080 1270 non
1106 1181 1210 1287 elle,
1241 1182 1308 1272 sed
1338 1185 1457 1274 sunile
1486 1213 1660 1292 tantum,
1695 1189 1761 1279 seu

367 1305 473 1418 idern
492 1304 629 1416 specie.
693 1301 810 1413 Quid
833 1300 896 1386 hic
913 1298 1008 1416 sapit
1034 1302 1214 1388 haerefiu?
1238 1303 1323 1389 dic!
1358 1335 1488 1392 annon
1512 1335 1645 1393 omnes
1667 1306 1759 1394 Phi·

368 1417 520 1534 lolophi
541 1424 596 1506 ita
625 1416 806 1504 censent?
838 1421 979 1534 quibus
1001 1448 1095 1534 ergo
1123 1419 1287 1505 fidiculis
1314 1451 1377 1508 rne
1402 1423 1453 1508 ad
1479 1453 1617 1538 rogum
1651 1425 1759 1510 dum-

367 1539 512 1623 nabis?
548 1565 629 1650 quo
661 1538 794 1620 colore
824 1598 838 1637 ,
870 1539 965 1649 quin
994 1537 1102 1621 simul
1133 1541 1190 1622 illi
1220 1568 1382 1638 omnes,
1415 1543 1551 1629 imo&
1567 1537 1763 1652 juriscon-

368 1649 477 1755 sulti,
509 1682 574 1739 rne
602 1681 653 1738 eo
682 1654 858 1737 comitari
888 1653 1088 1739 debcant?
1120 1656 1265 1768 quippe
1286 1663 1325 1740 δι
1349 1657 1390 1739 hi
1414 1685 1501 1742 cum
1518 1655 1764 1772 philosophis

203 1846 211 1855 .
341 1767 559 1894 ,lentinum
591 1797 729 1882 corpus
746 1772 982 1872 humanum,
1014 1774 1210 1857 communi
1235 1768 1394 1886 quidem
1417 1770 1546 1873 sensu,
1579 1775 1655 1859 dici
1680 1801 1762 1860 rna·

366 1888 615 1988 nereidem,
645 1915 799 1975 manete
829 1914 960 1973 tamen
991 1887 1097 1972 idem
1120 1912 1269 1972 rantum
1290 1885 1427 2001 specie.
1467 1887 1592 2003 Aperi
1611 1891 1760 1992 modo,

368 2005 396 2090 sn
424 2009 573 2121 placet,
606 1997 766 2116 Corpus
792 2005 931 2114 Juris,
971 2010 1013 2090 &
1043 2008 1130 2120 lege
1158 2009 1186 2089 l.
1219 2025 1286 2116 76.
1318 2002 1379 2090 D.
1408 2010 1451 2088 de
1479 2007 1658 2108 Iudiciis,
1690 2009 1761 2093 ubi

368 2119 631 2210 Almus
657 2119 924 2233 exprelfilfimis
945 2123 1075 2208 verbis
1104 2125 1252 2232 inquit:
1284 2136 1383 2232 cujus
1411 2133 1464 2204 rei
1493 2121 1766 2210 SPECIES

367 2245 489 2322 eadem
502 2239 674 2348 corrſsstit,
702 2270 778 2320 rem
800 2270 849 2350 qu
891 2271 935 2322 ue
955 2243 1101 2322 eandem
1124 2237 1188 2346 τῇ
1210 2242 1426 2346 ermimari,
1452 2245 1519 2340 δι,
1551 2243 1756 2353 quodnu-

367 2358 487 2442 rabile
501 2359 577 2457 est,
608 2351 834 2442 sententiam
879 2385 965 2442 uun
996 2359 1074 2440 hoc
1101 2350 1184 2468 ipso
1215 2359 1396 2470 exemplo
1411 2359 1582 2470 corporis
1605 2357 1761 2442 humani

329 2472 523 2588 ,aliisque
552 2475 681 2558 multis
711 2473 939 2573 confirmat,
970 2473 1072 2557 adeo
1104 2497 1148 2555 ut
1178 2466 1385 2557 secundum
1418 2466 1535 2584 ipsum
1567 2503 1647 2559 non
1678 2493 1759 2557 ma·
1887 2533 1892 2546 ·

338 2658 344 2667 .
367 2619 457 2678 neat
471 2591 575 2676 idem
587 2621 759 2690 numero,
790 2588 857 2676 scd
884 2589 992 2675 idem
1019 2585 1166 2703 specie,
1198 2589 1307 2701 quod
1336 2614 1516 2702 praererea
1540 2585 1760 2676 Commen-

367 2733 470 2792 tator
497 2707 662 2822 repetit,
693 2713 735 2792 δι
764 2708 907 2793 eodem
927 2708 1036 2791 limili
1053 2707 1104 2791 de
1132 2702 1351 2794 Tuum
1377 2703 1499 2794 Nave
1524 2709 1693 2820 apprime
1709 2707 1757 2789 il·
1904 2715 1907 2722 '

367 2827 507 2910 lustrat.
566 2821 658 2912 Tot
687 2853 782 2938 ergo
813 2828 907 2908 milri
936 2821 1020 2907 sunt
1034 2817 1141 2908 'socii
1170 2825 1277 2908 idem
1314 2827 1449 2937 jugum
1487 2852 1640 2916 mecum
1681 2849 1756 2910 tra·
1792 2829 1817 2854 ⁴

366 2943 527 3043 luentes,
558 2965 601 3027 ut
631 2970 836 3044 commune
865 2943 1009 3028 malurn
1039 2942 1134 3024 mihi
1163 2940 1207 3025 fit
1235 2935 1387 3027 solatio.

961 3167 1166 3262 XXVI.

425 3405 620 3500 Pervenio
652 3413 811 3501 tandem
844 3412 896 3499 ad
925 3411 1174 3530 gravillimam
1203 3407 1522 3513 accusationem,
1562 3406 1628 3496 led
1659 3387 1765 3496 fimul

366 3531 632 3644 iniquifl'unam
662 3541 702 3618 lic
733 3533 1009 3643 ineptilfimam.
1070 3526 1179 3616 Cum
1209 3535 1248 3615 in
1279 3531 1462 3644 prudiiiae
1492 3531 1592 3616 illius
1619 3521 1765 3642 Dispu-

367 3651 524 3732 tatiunis
552 3654 758 3749 confliclu,
791 3653 889 3733 inter
907 3654 981 3733 alia
1006 3677 1168 3762 quoque
1197 3652 1402 3762 allegarem
1427 3671 1691 3762 argumentum
1713 3643 1765 3726 ab

366 3762 718 3880 Anthropophagia
737 3778 756 3864 (
771 3795 850 3850 non
870 3767 1003 3850 rabida
1013 3761 1180 3877 semper,
1196 3761 1261 3850 sed
1279 3766 1490 3878 aliquando
1511 3765 1668 3857 maela,
1695 3783 1763 3840 cu·
1904 3779 1910 3784 ·
2073 3813 2081 3824 .

367 3885 425 3992 jus
438 3888 604 3997 exempl.
616 3885 698 3969 vid.
711 3881 865 3970 Thren.
876 3880 952 3971 IV.
970 3882 1055 3989 ro.)
1065 3883 1242 3996 petitum3
1256 3877 1400 3966 nescius
1413 3905 1519 3978 tunc,
1533 3877 1600 3960 vel
1612 3874 1768 3959 oblinu-

230 4109 236 4120 ,
366 3993 521 4097 bitem,
546 3997 711 4110 (Deum
731 4002 890 4108 telluri)
914 4001 1010 4085 illud
1033 4029 1194 4114 quoquc
1217 4028 1241 4082 a
1262 3997 1475 4084 Socinianis
1495 3992 1640 4108 urgerir
1671 4017 1759 4103 pro-

212 4171 237 4183 -·
367 4119 468 4202 tinus
486 4113 750 4203 Socinianismi
771 4146 796 4200 a
818 4119 1011 4201 nonnullis
1036 4113 1215 4200 accusor:
1252 4114 1356 4224 Quo
1377 4143 1474 4199 vero
1500 4115 1607 4220 jure,
1634 4135 1763 4224 quave

365 4238 582 4345 acquitate?
611 4243 651 4320 &
680 4237 746 4319 vel
777 4230 944 4346 Logices
975 4238 1105 4344 tyroni
1132 4231 1422 4340 dijudicandum
1455 4231 1667 4344 relinquo,
1695 4225 1764 4338 qui

364 4351 418 4433 ad
444 4352 598 4436 illorum
624 4353 876 4465 ignominium
909 4350 1053 4434 melius·
1069 4353 1206 4445 novit,
1232 4353 1271 4434 in
1305 4345 1470 4435 secunda
1502 4345 1622 4459 figura
1648 4337 1763 4452 syllo-

364 4462 572 4580 gismorum
596 4499 677 4554 non
704 4468 928 4554 affirmative
954 4468 1149 4552 concludi.
1187 4461 1437 4582 Syllogismus
1457 4466 1560 4549 enim
1587 4461 1672 4556 hic,
1702 4455 1764 4541 So·

365 4595 502 4669 cinimi
525 4586 695 4670 adhibent
718 4588 785 4669 hoc
810 4609 1072 4695 argumentum.
1130 4583 1190 4669 A.
1220 4617 1282 4696 ego
1301 4581 1449 4664 adhibeo
1476 4581 1541 4661 boc
1575 4605 1763 4687 argumen-

364 4729 458 4785 rm
518 4703 616 4816 Ergo
634 4737 695 4815 ego
712 4707 796 4810 ſsim
819 4703 1049 4801 Sotium,
1082 4729 1163 4784 non
1177 4703 1321 4786 ,melior
1341 4702 1397 4784 est
1419 4723 1536 4812 quam
1559 4697 1655 4779 alter
1678 4694 1763 4790 hic,
1935 4729 1941 4738 ·

367 4849 485 4932 quern
518 4827 640 4938 vulgo
664 4818 934 4933 Ludimagillri
965 4824 1002 4903 in
1029 4814 1168 4902 scholis
1195 4817 1338 4902 faciunt
1362 4813 1414 4901 ad
1444 4813 1652 4900 tentandos
1681 4805 1767 4894 suos

366 4931 652 5031 adolescentes:
680 4939 816 5051 Aſsum
844 4937 951 5024 habet
974 4969 1091 5024 aures.
1142 4933 1198 5139 1¹3.
1230 4961 1272 5018 tu
1300 4934 1408 5018 babes
1427 4963 1545 5019 aures.
1605 4927 1767 5122 ΞΨΖ

475 5134 479 5143 ·
845 5077 864 5090 ’
1188 5083 1216 5168 Ρ
1276 5083 1296 5168 3
