5500 6884
973 834 1063 926 ⁸98
1206 800 1449 904 N'.i.ili.
1510 795 2184 898 »Instructo

977 1002 1095 1088 quam
1122 972 1251 1059 omnis
1277 965 1518 1056 Christianus
1546 993 1743 1082 nunquam
1773 963 1859 1052 satis
1889 961 1987 1056 serio
2017 964 2195 1054 meditari
2221 964 2380 1082 porciu

976 1096 1033 1178 est
1055 1095 1159 1179 enirn
1180 1091 1307 1176 nostra
1332 1085 1415 1204 sper
1440 1089 1555 1174 unica
1572 1085 1732 1196 fiuendi
1751 1085 1847 1172 o'linr
1868 1087 2036 1201 perfecta
2062 1087 2306 1174 beatitudine
2336 1093 2380 1171 da

977 1210 1280 1326 tranquillitate,
1310 1208 1548 1322 posivitum
1577 1205 1677 1291 banc
1706 1200 1989 1305 arumnosam,
2020 1203 2194 1306 insidiis,
2227 1229 2379 1319 pertur-

976 1327 1203 1415 bationibus
1225 1329 1266 1409 dt
1287 1319 1614 1438 persecutionibus
1625 1322 1802 1436 plenam,
1831 1351 1949 1436 quas,
1973 1322 2073 1436 proh
2090 1322 2226 1407 dolor!
2259 1321 2380 1407 etiam

978 1445 1104 1650 {iffi
1132 1469 1268 1555 pacem
1297 1447 1339 1527 δι
1360 1439 1612 1532 concordiam
1631 1433 1788 1526 suadere
1811 1439 2025 1539 deberent,
2050 1441 2240 1528 continuo
2258 1439 2379 1526 nobir

1058 1589 1118 1649 rte
1143 1585 1226 1646 non
1252 1583 1445 1647 veretrurr.

1542 1785 1887 1896 xx111.,

1037 2030 1168 2124 Vides
1197 2031 1310 2136 binc,
1341 2029 1397 2114 mi
1422 2029 1546 2117 amice
1569 2023 1733 2132 Ledor,
1767 2057 1849 2148 quo
1877 2025 1981 2122 sensu
2009 2025 2276 2146 accipiendum
2295 2027 2377 2131 (ας

978 2153 1092 2270 quod
1116 2176 1207 2238 ante
1237 2177 1379 2236 annum
1403 2147 1551 2234 circiter
1583 2149 1623 2234 in
1649 2147 1805 2263 publica
1827 2144 2109 2264 Disputatione
2132 2144 2374 2263 Philosophi·

978 2299 1059 2371 ca,
1072 2299 1162 2356 tum
1181 2271 1377 2356 bihorium
1404 2265 1632 2369 destinatum
1654 2261 1755 2354 bisce
1781 2271 1972 2355 exercitiis
1989 2273 2067 2382 jam
2088 2263 2254 2382 elapsum
2268 2265 2373 2366 effer,

977 2383 1107 2475 nescio
1137 2413 1216 2502 qua
1252 2386 1343 2470 data
1374 2382 1575 2470 occasione
1607 2385 1717 2470 velut
1741 2388 1783 2470 in
1817 2385 1972 2472 transrtu
2003 2385 2202 2486 dixeram,
2232 2410 2376 2497 corpm

866 2601 871 2613 ⁴
980 2537 1051 2590 un
1071 2510 1195 2588 eadem
1215 2533 1361 2588 umero
1387 2503 1645 2609 resurretura:
1675 2503 1855 2587 nimirum
1880 2531 1963 2588 non
1986 2504 2097 2618 quod
2123 2507 2236 2617 plane
2269 2527 2375 2590 nova

980 2649 1146 2736 corpora
1174 2619 1246 2707 srnt
1274 2647 1298 2702 a
1322 2612 1423 2707 Deo
1449 2611 1709 2704 substituenda
1718 2681 1743 2732 ³.
1759 2621 1884 2704 multo
1916 2623 2043 2706 tninus
2071 2621 2267 2714 creanda;
2305 2613 2374 2706 sed

981 2739 1094 2854 quod
1119 2734 1264 2825 eodem
1294 2729 1400 2820 sensu
1429 2761 1512 2821 non
1535 2735 1665 2822 fiuura
1700 2735 1772 2821 srnt
1795 2737 1934 2824 eadem
1960 2769 2131 2840 numo,
2157 2765 2238 2855 quo
2266 2731 2373 2850 supra

979 2857 1171 2955 diximus,
1190 2881 1278 2938 cum
1294 2853 1478 2938 omnibus
1490 2847 1734 2968 philosophis
1750 2859 1790 2940 dt
1813 2848 2010 2955 Medicis,
2036 2857 2077 2940 in
2096 2851 2172 2969 ipa
2188 2857 2271 2940 vita
2291 2881 2373 2938 non

981 2972 1120 3060 eadem
1146 3003 1292 3056 numero
1315 2997 1484 3057 manere.
1546 2965 1744 3084 Quamvis
1769 2970 1922 3056 interim
1950 2999 2023 3086 pro
2051 2997 2159 3059 certo
2181 2973 2370 3072 babeam,

980 3085 1120 3179 Deum
1143 3089 1294 3176 homini
1315 3088 1556 3178 teddinuum
1582 3114 1723 3203 corpus
1745 3082 1874 3188 suum,
1901 3088 1998 3174 illud
2027 3118 2168 3204 nempe
2194 3089 2306 3204 quod
2334 3091 2373 3174 in

975 3203 1054 3295 bac
1074 3211 1158 3292 vita
1185 3207 1343 3298 babuitr
1375 3208 1563 3320 quoniam
1588 3229 1718 3293 tamen
1741 3207 1861 3291 multa
1889 3199 2089 3292 successiva
2110 3208 2267 3312 habuit,
2288 3215 2370 3294 nae!
2537 3289 2538 3292 t

978 3323 1079 3409 illud
1098 3349 1242 3424 unum,
1270 3322 1384 3438 quod
1405 3352 1455 3409 ert
1483 3324 1667 3408 omnibus
1695 3323 1770 3408 illis
1792 3324 1915 3408 homo
1941 3325 2125 3426 habebit,
2156 3353 2237 3412 non
2260 3352 2371 3439 pote·

981 3441 1033 3526 rit
1051 3434 1126 3525 effe
1143 3438 1250 3524 idem
1271 3465 1436 3525 numero
1460 3465 1550 3524 cum
1567 3439 1746 3552 reliquit,
1770 3465 1857 3553 quac
1879 3467 1960 3525 non
1981 3445 2107 3527 minus
2125 3435 2188 3530 sua
2205 3443 2370 3541 ficerunt,

982 3583 1102 3674 quam
1128 3554 1226 3640 illud
1255 3581 1376 3640 unum
1404 3554 1516 3668 quod
1543 3577 1636 3644 tunc
1663 3558 1803 3642 iterum
1819 3557 2009 3646 babebit:
2039 3559 2107 3644 nist
2136 3563 2223 3675 quis
2246 3559 2371 3658 sorte,

982 3699 1120 3764 contra
1143 3674 1321 3758 omniurn
1345 3697 1595 3760 communem
1619 3667 1870 3788 Phyficomn
1898 3680 1938 3759 dt
1955 3670 2212 3763 Medicorum
2238 3705 2370 3788 recep-
2536 3717 2537 3726 κ

981 3813 1064 3877 tam
1081 3793 1332 3907 opinIonem,
1352 3789 1522 3877 cavillari
1534 3791 1729 3894 voluerit,
1760 3793 1865 3880 illam
1878 3795 2089 3892 materiam,
2113 3823 2198 3908 qua
2216 3821 2285 3906 per
2303 3821 2368 3878 nu·

981 3909 1181 3996 tricionem
1203 3911 1359 4022 corpori
1391 3904 1627 4008 amnium,
1658 3909 1789 3994 eidem
1811 3937 1891 3997 non
1919 3905 1994 3994 eise
2020 3907 2273 4004 essentialemr
2304 3903 2369 3995 sed

980 4025 1139 4112 stamina
1156 4026 1222 4111 vel
1239 4023 1450 4140 primordia
1471 4049 1621 4110 tantum
1641 4022 1818 4140 quadam
1839 4027 2092 4112 immutabilia
2111 4026 2237 4113 facete
2259 4025 2372 4140 ipfiur
2430 4073 2438 4088 ·

979 4144 1156 4256 corporis
1186 4141 1410 4242 essentiam,
1446 4141 1640 4257 aquibus
1672 4169 1812 4258 corpus
1852 4169 1971 4230 unum
2005 4151 2045 4233 ἀ
2082 4142 2187 4230 idem
2223 4137 2373 4258 semper
2535 4159 2536 4162 ‘

977 4255 1060 4347 dici
1088 4259 1252 4361 debeat,
1280 4262 1373 4346 licet
1396 4259 1549 4346 interim
1577 4259 1653 4345 alia
1685 4263 1727 4344 ac
1756 4261 1831 4346 alia
1861 4265 2019 4350 materia
2043 4265 2182 4378 jugiter
2206 4263 2373 4350 accedat

973 4374 1202 4466 &secedat
1248 4371 1402 4466 Verum
1427 4377 1629 4462 enimvero
1648 4401 1899 4494 preterquam
1921 4379 2054 4492 quod,
2085 4408 2134 4472 ex
2152 4375 2370 4492 supradictis

974 4499 1017 4580 δι
1035 4527 1084 4582 ex
1105 4493 1255 4612 vulgari
1274 4493 1325 4583 de
1344 4493 1554 4580 nutritione
1573 4488 1785 4597 sententia,
1814 4493 2007 4583 clariisune
2030 4497 2180 4583 constet
2204 4495 2302 4583 nihii
2328 4500 2367 4584 in

973 4631 1065 4695 toto
1087 4642 1252 4729 corpore
1261 4611 1436 4710 animalis
1457 4607 1660 4726 essequod
1681 4612 1724 4698 fit
1737 4614 1921 4699 stabile&
1939 4611 2049 4727 quod
2068 4643 2148 4700 non
2166 4616 2366 4718 nutriatur,
2534 4605 2535 4624 Ν

972 4726 1155 4840 adeoque
1174 4759 1223 4816 ne
1241 4731 1328 4818 ficta
1345 4727 1506 4845 quidem
1526 4729 1591 4816 illa
1611 4731 1788 4822 staminar
1813 4725 2034 4842 responderi
2057 4727 2207 4848 insuper
2226 4734 2363 4846 potest,

971 4844 1085 4960 quod
1104 4844 1131 4929 sr
1147 4873 1264 4933 omne
1282 4848 1400 4948 illud,
1430 4845 1542 4962 quod
1560 4851 1715 4963 corpori
1738 4841 1936 4949 accrescit,
1961 4847 2005 4934 sit
2023 4848 2262 4938 accidentale
2280 4875 2362 4936 tau·
2533 4873 2534 4892 ¹

970 4982 1088 5062 turn,
1127 4955 1218 5052 sane
1254 4991 1394 5078 corpus
1431 4961 1553 5079 ipsum
1584 4965 1661 5057 fine
1690 4967 1767 5056 utic
1794 4963 2093 5056 accidentalibus
2121 4969 2195 5058 erit
2223 4971 2362 5104 imper-

2241 5109 2361 5199 ‘iim'
