5500 6884
711 765 826 860 nn
878 763 1508 857 nurrrrronu.
1595 824 1601 844 κ
1718 795 1802 888 2„-

400 939 587 1032 senstbilia
626 963 744 1054 quarn
783 931 1009 1020 insensibssia
1038 933 1218 1048 quotidie
1249 936 1512 1039 excernenda,
1557 937 1608 1028 de
1646 949 1801 1060 propria

400 1053 576 1172 torporis
605 1049 808 1140 substantia
840 1054 938 1137 nihil
968 1053 1196 1138 amitteret:
1243 1051 1446 1140 litantem
1476 1057 1558 1140 vita
1589 1059 1699 1168 hujus
1727 1065 1803 1151 ho·

400 1178 599 1266 ministro
631 1199 855 1260 armorumt
895 1169 1084 1254 calculum
1113 1168 1243 1256 obiter
1272 1167 1423 1256 tantum
1453 1173 1678 1286 attingam,
1709 1184 1801 1294 quia

400 1294 502 1378 adeo
545 1289 666 1374 facilis
706 1290 761 1372 est
799 1310 844 1370 ut
872 1280 1150 1371 Arithmetices
1179 1310 1360 1398 tyronem
1390 1317 1440 1372 ne
1471 1289 1630 1400 quidem
1661 1301 1802 1386 morari

401 1408 538 1524 poffita
569 1406 846 1516 multiplicetur
876 1421 956 1512 365
1000 1429 1180 1486 numerus
1211 1404 1361 1489 dierum
1391 1408 1509 1505 anni,
1547 1435 1617 1520 per
1655 1439 1685 1516 4
1730 1439 1801 1495 nu·
1942 1495 1946 1504 ,

402 1553 551 1610 metum
582 1518 857 1608 semunciarum
886 1518 1067 1632 quotidie
1096 1523 1270 1630 corporis
1299 1517 1512 1607 substantiae
1550 1526 1804 1636 apponenda·
1878 1567 1879 1572 Ν

401 1671 514 1741 rum,
545 1639 850 1752 &proveniunt
886 1653 993 1741 1460
1025 1629 1254 1737 semunciae,
1284 1667 1358 1752 pro
1388 1642 1641 1734 incremento¹
1660 1671 1803 1756 corpo·

285 1759 289 1772 '
403 1762 454 1843 ris
483 1784 641 1856 annuo,
668 1755 741 1869 =qui
771 1751 937 1865 proinde
966 1777 1145 1836 numerus
1176 1782 1296 1866 porro
1324 1757 1597 1868 multiplicatus
1638 1787 1708 1871 per
1748 1775 1801 1854 80

401 1902 603 1958 numerum
631 1897 820 1956 annorum
847 1869 958 1968 vitre,
986 1865 1103 1968 dabir¹
1132 1885 1296 1962 116800
1319 1867 1550 1972 semuncias,
1581 1867 1646 1958 seu
1674 1875 1804 1977 (divi.

260 2071 266 2082 ,
402 1989 536 2076 dendo
555 2019 622 2102 per
653 1988 744 2096 32,)
776 2001 886 2093 3650
917 1985 1059 2084 libras,
1090 2012 1165 2096 pro
1194 1991 1303 2072 omni
1324 1990 1391 2072 illa
1404 1983 1606 2074 substantia
1620 2020 1704 2104 quae
1734 2023 1805 2108 pet

401 2131 527 2192 totam
555 2106 676 2189 vitam
697 2130 844 2214 ,corpus
873 2095 1111 2212 composuit:
1131 2097 1197 2186 sed
1222 2106 1470 2211 365o⁴librar
1494 2109 1696 2198 continent
1724 2143 1804 2215 150

402 2225 517 2308 libras
558 2234 638 2333 24³·
680 2220 859 2316 vicibus,
887 2218 1069 2330 adeoque
1099 2217 1126 2300 st
1152 2218 1203 2301 ad
1228 2235 1364 2310 80¹¹¹¹¹¹²¹
1399 2216 1471 2305 suae
1508 2227 1628 2307 aetatis
1661 2253 1805 2314 annunt

402 2341 499 2426 nihil
527 2334 582 2424 sui
618 2339 792 2451 corporis
820 2330 1019 2433 amisisset,
1049 2335 1115 2422 vel
1145 2333 1174 2418 st
1201 2331 1372 2421 amissum
1402 2332 1629 2453 recolligere
1654 2341 1805 2455 posset,

402 2482 495 2540 tunc
523 2455 575 2539 ad
603 2482 690 2539 eam
720 2446 838 2566 usque
868 2453 1041 2562 corporis
1070 2451 1379 2564 magnitudinem
1414 2459 1675 2566 perveniret,
1719 2489 1806 2573 quae

402 2573 633 2660 ordinariam
648 2565 839 2680 superaret
851 2563 1051 2679 plusquam
1063 2570 1184 2652 vicies
1227 2594 1346 2654 nater.
1375 2566 1516 2684 Atque
1534 2573 1597 2673 fic,
1615 2573 1641 2658 fi
1661 2574 1807 2662 diutius
1855 2567 1862 2606 ¹

403 2693 524 2774 vitam
544 2687 811 2801 protraheret,
834 2685 995 2768 tandem
1016 2597 1274 2798 ponderosum
1293 2686 1462 2802 aequaret
1483 2683 1636 2775 Colossi
1651 2687 1807 2781 Rhodii

403 2807 572 2896 molem
598 2812 638 2888 tr
657 2803 872 2889 verendum
902 2799 1017 2900 esset,
1047 2831 1098 2886 ne
1122 2801 1148 2885 st
1179 2804 1357 2888 homines
1387 2806 1465 2888 hoc
1488 2805 1690 2892 artificium
1709 2805 1807 2894 cres·

403 2924 519 3009 cendi
544 2921 755 3019 haberent,
788 2947 899 3002 more
929 2939 1106 3003 vetentm
1134 2915 1349 3032 Gigantum
1374 2923 1565 3035 congestis
1602 2925 1652 3006 ad
1685 2925 1805 3010 fidera

402 3039 603 3124 montibus
633 3037 764 3123 denuo
799 3061 961 3146 regnum
1003 3034 1160 3119 coeleste
1187 3035 1429 3127 ussellment3
1475 3033 1670 3123 Videmus
1699 3045 1804 3126 enim

402 3157 614 3242 nonnullos
641 3183 692 3238 ne
714 3151 764 3237 stc
792 3151 953 3264 quidem
974 3152 1161 3236 abstinere
1190 3151 1242 3235 ab
1272 3150 1423 3236 aufibus
1454 3151 1524 3266 qui
1554 3155 1700 3242 viribus
1727 3153 1805 3242 'suis

402 3302 484 3358 non
510 3273 769 3369 conveniunt,
805 3265 1007 3352 moliendo
1030 3269 1210 3352 nimirum
1235 3263 1380 3353 summa
1404 3273 1656 3359 contentione
1685 3277 1808 3360 multa

404 3392 560 3503 iniqua,
583 3389 828 3501 proximique
852 3381 907 3472 sui
933 3386 1142 3499 perniciem
1167 3391 1208 3468 δι
1234 3384 1443 3470 interitum.
1474 3385 1554 3474 Sed
1577 3392 1706 3504 tuqui
1729 3386 1806 3478 Ti·

402 3507 532 3591 tanico
565 3531 708 3590 conatu
743 3528 896 3588 montes
931 3503 1089 3601 niteris,
1121 3507 1163 3586 δι
1194 3503 1349 3589 eniteris
1380 3533 1552 3606 murem,
1572 3507 1690 3608 audi,
1718 3503 1807 3594 Au·

404 3623 566 3722 dacule,
599 3622 711 3736 quod
742 3621 845 3704 mula
879 3618 984 3730 apud
1015 3615 1320 3708 PHAEDRUM
1358 3616 1492 3708 muscae
1521 3623 1730 3737 increpanti
1763 3631 1805 3706 dt

404 3742 595 3824 minitanti
614 3735 842 3852 respondet:
874 3734 1023 3826 Verbis,
1051 3737 1201 3849 inquit,
1228 3768 1300 3819 noa
1330 3769 1474 3824 moveor
1503 3749 1591 3826 tuis.
1649 3741 1808 3840 Deridet¹

403 3858 556 3970 quisae
577 3867 719 3942 virture
735 3886 854 3939 vanas
873 3879 1010 3940 exercet
1028 3863 1159 3939 mma.

1023 4081 1172 4175 xx1.

464 4321 749 4413 subsistendum
766 4323 830 4406 hie
859 4316 973 4417 esset,
994 4318 1085 4420 nifi,
1101 4349 1181 4406 non
1200 4345 1280 4407 tant
1305 4323 1470 4411 materia
1488 4322 1668 4426 affinitas,
1687 4337 1806 4440 quant

405 4447 483 4530 alia
511 4443 686 4558 quadam
715 4442 841 4557 gravis
869 4431 977 4522 causa
1022 4465 1085 4521 me
1116 4442 1296 4525 invitaret
1327 4444 1378 4526 ad
1419 4445 1645 4526 mittendam
1678 4438 1808 4526 tantis-

406 4589 477 4676 per
506 4562 644 4646 t‘alcem
672 4562 713 4644 in
741 4550 906 4643 alienam
938 4551 1106 4642 messem.
1167 4554 1440 4672 Philosophica
1472 4563 1635 4644 omnino
1675 4553 1808 4645 hucus-

436 4707 488 4762 ue
517 4681 698 4776 traciavi,
729 4673 795 4760 sed
825 4673 922 4788 quid
950 4695 1058 4756 vetat
1087 4703 1169 4788 quo
1200 4671 1326 4760 minus
1349 4678 1389 4760 in
1416 4670 1678 4791 Theologicis
1692 4680 1810 4766 etiam

407 4709 535 4880 sanam
555 4790 843 4904 Philosophiam
865 4790 1050 4878 adhibere
1072 4786 1304 4906 satagamus,
1323 4793 1406 4878 imo
1430 4793 1666 4896 debeamus,
1686 4825 1810 4910 quan·

406 4907 495 5004 tuni
514 4939 633 5028 potet
664 4906 814 5026 sedita
842 4934 973 4999 tamen
1001 4933 1046 4997 ut
1074 4909 1291 5001 deferamus
1331 4904 1479 5028 semper
1518 4916 1810 5112 venerarionpnt

1764 5053 1808 5111 C!
