<?xml version="1.0" encoding="UTF-8"?>
<!DOCTYPE html PUBLIC "-//W3C//DTD XHTML 1.0 Transitional//EN"
    "http://www.w3.org/TR/xhtml1/DTD/xhtml1-transitional.dtd">
<html xmlns="http://www.w3.org/1999/xhtml" xml:lang="en" lang="en">
 <head>
  <title>
</title>
<meta http-equiv="Content-Type" content="text/html;charset=utf-8" />
  <meta name='ocr-system' content='tesseract 3.04.00' />
  <meta name='ocr-capabilities' content='ocr_page ocr_carea ocr_par ocr_line ocrx_word'/>
</head>
<body>
  <div class='ocr_page' id='page_1' title='image "./operaomnia00primgoog_0049.png"; bbox 0 0 5500 6884; ppageno 0'>
   <div class='ocr_carea' id='block_1_1' title="bbox 504 708 1848 840">
    <p class='ocr_par' dir='ltr' id='par_1_1' title="bbox 504 708 1848 840">
     <span class='ocr_line' id='line_1_1' title="bbox 504 708 1848 840; baseline -0.001 -23"><span class='ocrx_word' id='word_1_1' title='bbox 504 803 509 817; x_wconf 80' lang='lat'>.</span> <span class='ocrx_word' id='word_1_2' title='bbox 625 720 736 818; x_wconf 84' lang='grc' dir='ltr'>ΕΤ</span> <span class='ocrx_word' id='word_1_3' title='bbox 784 708 1642 819; x_wconf 73' lang='lat' dir='ltr'><strong><em>FERMENTATIONE.</em></strong></span> <span class='ocrx_word' id='word_1_4' title='bbox 1791 733 1848 840; x_wconf 69' lang='lat' dir='ltr'>tp</span> 
     </span>
    </p>
   </div>
   <div class='ocr_carea' id='block_1_2' title="bbox 460 885 1847 1242">
    <p class='ocr_par' dir='ltr' id='par_1_2' title="bbox 460 885 1847 1242">
     <span class='ocr_line' id='line_1_2' title="bbox 460 885 1846 1009; baseline -0.004 -27"><span class='ocrx_word' id='word_1_5' title='bbox 460 887 609 982; x_wconf 79' lang='lat' dir='ltr'>fatiunt</span> <span class='ocrx_word' id='word_1_6' title='bbox 627 897 647 1006; x_wconf 95' lang='lat'>)</span> <span class='ocrx_word' id='word_1_7' title='bbox 667 893 759 982; x_wconf 84' lang='lat' dir='ltr'>addi</span> <span class='ocrx_word' id='word_1_8' title='bbox 779 893 906 1009; x_wconf 86' lang='lat' dir='ltr'>potest</span> <span class='ocrx_word' id='word_1_9' title='bbox 927 901 969 980; x_wconf 80' lang='grc' dir='ltr'>δι</span> <span class='ocrx_word' id='word_1_10' title='bbox 986 893 1064 980; x_wconf 91' lang='lat' dir='ltr'>hoc</span> <span class='ocrx_word' id='word_1_11' title='bbox 1072 953 1086 994; x_wconf 94' lang='lat'>,</span> <span class='ocrx_word' id='word_1_12' title='bbox 1117 889 1228 1008; x_wconf 90' lang='lat' dir='ltr'>quod</span> <span class='ocrx_word' id='word_1_13' title='bbox 1246 893 1364 994; x_wconf 91' lang='lat' dir='ltr'>ideo,</span> <span class='ocrx_word' id='word_1_14' title='bbox 1388 893 1475 1007; x_wconf 84' lang='lat' dir='ltr'>post</span> <span class='ocrx_word' id='word_1_15' title='bbox 1486 887 1668 1006; x_wconf 78' lang='lat' dir='ltr'>quasdam</span> <span class='ocrx_word' id='word_1_16' title='bbox 1679 885 1846 978; x_wconf 82' lang='lat' dir='ltr'>fernen·</span> 
     </span>
     <span class='ocr_line' id='line_1_3' title="bbox 464 1008 1846 1125; baseline -0.003 -27"><span class='ocrx_word' id='word_1_17' title='bbox 464 1016 654 1112; x_wconf 89' lang='lat' dir='ltr'>rationes,</span> <span class='ocrx_word' id='word_1_18' title='bbox 675 1014 866 1124; x_wconf 75' lang='lat' dir='ltr'>particule</span> <span class='ocrx_word' id='word_1_19' title='bbox 881 1008 1089 1125; x_wconf 86' lang='lat' dir='ltr'>superstites</span> <span class='ocrx_word' id='word_1_20' title='bbox 1099 1012 1261 1123; x_wconf 84' lang='lat' dir='ltr'>amplius</span> <span class='ocrx_word' id='word_1_21' title='bbox 1275 1010 1498 1098; x_wconf 86' lang='lat' dir='ltr'>fermentari</span> <span class='ocrx_word' id='word_1_22' title='bbox 1508 1032 1723 1123; x_wconf 75' lang='lat' dir='ltr'>nequeantr</span> <span class='ocrx_word' id='word_1_23' title='bbox 1735 1035 1846 1094; x_wconf 88' lang='lat' dir='ltr'>nem·</span> 
     </span>
     <span class='ocr_line' id='line_1_4' title="bbox 463 1121 1847 1242; baseline -0.003 -28"><span class='ocrx_word' id='word_1_24' title='bbox 463 1158 539 1242; x_wconf 89' lang='lat' dir='ltr'>pe,</span> <span class='ocrx_word' id='word_1_25' title='bbox 569 1129 624 1214; x_wconf 92' lang='lat' dir='ltr'>ob</span> <span class='ocrx_word' id='word_1_26' title='bbox 644 1129 808 1216; x_wconf 88' lang='lat' dir='ltr'>eandem</span> <span class='ocrx_word' id='word_1_27' title='bbox 827 1132 1054 1228; x_wconf 78' lang='lat' dir='ltr'>rationem,</span> <span class='ocrx_word' id='word_1_28' title='bbox 1086 1129 1141 1212; x_wconf 96' lang='lat' dir='ltr'>ob</span> <span class='ocrx_word' id='word_1_29' title='bbox 1173 1154 1290 1241; x_wconf 84' lang='lat' dir='ltr'>quam</span> <span class='ocrx_word' id='word_1_30' title='bbox 1310 1129 1420 1213; x_wconf 88' lang='lat' dir='ltr'>alcaii</span> <span class='ocrx_word' id='word_1_31' title='bbox 1444 1127 1659 1239; x_wconf 85' lang='lat' dir='ltr'>particulae,</span> <span class='ocrx_word' id='word_1_32' title='bbox 1688 1126 1774 1236; x_wconf 90' lang='lat' dir='ltr'>post</span> <span class='ocrx_word' id='word_1_33' title='bbox 1788 1121 1847 1210; x_wconf 88' lang='lat' dir='ltr'>ef·</span> 
     </span>
    </p>
   </div>
   <div class='ocr_carea' id='block_1_3' title="bbox 464 1239 2020 1352">
    <p class='ocr_par' dir='ltr' id='par_1_3' title="bbox 464 1239 2020 1352">
     <span class='ocr_line' id='line_1_5' title="bbox 464 1239 2020 1352; baseline -0.004 -22"><span class='ocrx_word' id='word_1_34' title='bbox 464 1240 772 1344; x_wconf 72' lang='lat' dir='ltr'>fervescentium,</span> <span class='ocrx_word' id='word_1_35' title='bbox 811 1247 968 1332; x_wconf 82' lang='lat' dir='ltr'>ulterius</span> <span class='ocrx_word' id='word_1_36' title='bbox 1001 1274 1082 1330; x_wconf 91' lang='lat' dir='ltr'>non</span> <span class='ocrx_word' id='word_1_37' title='bbox 1110 1239 1393 1342; x_wconf 80' lang='lat' dir='ltr'>effervescunt:</span> <span class='ocrx_word' id='word_1_38' title='bbox 1427 1271 1517 1328; x_wconf 87' lang='lat' dir='ltr'>nam</span> <span class='ocrx_word' id='word_1_39' title='bbox 1543 1245 1611 1328; x_wconf 88' lang='lat' dir='ltr'>ista</span> <span class='ocrx_word' id='word_1_40' title='bbox 1645 1266 1846 1352; x_wconf 85' lang='lat' dir='ltr'>corpora,</span> <span class='ocrx_word' id='word_1_41' title='bbox 2015 1335 2020 1341; x_wconf 44' lang='grc'>,</span> 
     </span>
    </p>
   </div>
   <div class='ocr_carea' id='block_1_4' title="bbox 450 1358 1952 3440">
    <p class='ocr_par' dir='ltr' id='par_1_4' title="bbox 450 1358 1952 3440">
     <span class='ocr_line' id='line_1_6' title="bbox 460 1358 1847 1475; baseline -0.006 -29"><span class='ocrx_word' id='word_1_42' title='bbox 460 1389 547 1474; x_wconf 85' lang='lat' dir='ltr'>quae</span> <span class='ocrx_word' id='word_1_43' title='bbox 563 1361 641 1447; x_wconf 85' lang='lat' dir='ltr'>stne</span> <span class='ocrx_word' id='word_1_44' title='bbox 659 1362 948 1464; x_wconf 85' lang='lat' dir='ltr'>additamento,</span> <span class='ocrx_word' id='word_1_45' title='bbox 978 1361 1196 1448; x_wconf 88' lang='lat' dir='ltr'>fermentari</span> <span class='ocrx_word' id='word_1_46' title='bbox 1217 1361 1425 1460; x_wconf 87' lang='lat' dir='ltr'>videntur,</span> <span class='ocrx_word' id='word_1_47' title='bbox 1454 1385 1522 1460; x_wconf 90' lang='lat' dir='ltr'>ut,</span> <span class='ocrx_word' id='word_1_48' title='bbox 1551 1389 1615 1444; x_wconf 87' lang='lat' dir='ltr'>ex.</span> <span class='ocrx_word' id='word_1_49' title='bbox 1629 1386 1687 1470; x_wconf 86' lang='lat' dir='ltr'>gr.</span> <span class='ocrx_word' id='word_1_50' title='bbox 1709 1358 1847 1475; x_wconf 86' lang='lat' dir='ltr'>vinum</span> 
     </span>
     <span class='ocr_line' id='line_1_7' title="bbox 457 1469 1847 1592; baseline -0.003 -30"><span class='ocrx_word' id='word_1_51' title='bbox 457 1478 650 1576; x_wconf 87' lang='lat' dir='ltr'>mustum,</span> <span class='ocrx_word' id='word_1_52' title='bbox 680 1478 870 1564; x_wconf 88' lang='lat' dir='ltr'>hordeum</span> <span class='ocrx_word' id='word_1_53' title='bbox 889 1483 930 1564; x_wconf 89' lang='lat' dir='ltr'>in</span> <span class='ocrx_word' id='word_1_54' title='bbox 951 1504 1052 1592; x_wconf 85' lang='lat' dir='ltr'>aqua</span> <span class='ocrx_word' id='word_1_55' title='bbox 1074 1491 1333 1576; x_wconf 86' lang='lat' dir='ltr'>maceratum,</span> <span class='ocrx_word' id='word_1_56' title='bbox 1365 1483 1407 1560; x_wconf 79' lang='lat' dir='ltr'>dt</span> <span class='ocrx_word' id='word_1_57' title='bbox 1424 1478 1497 1565; x_wconf 84' lang='lat' dir='ltr'>alia</span> <span class='ocrx_word' id='word_1_58' title='bbox 1520 1469 1707 1583; x_wconf 82' lang='lat' dir='ltr'>ejusmodi</span> <span class='ocrx_word' id='word_1_59' title='bbox 1726 1499 1847 1585; x_wconf 85' lang='lat' dir='ltr'>gene·</span> 
     </span>
     <span class='ocr_line' id='line_1_8' title="bbox 450 1587 1846 1708; baseline -0.007 -28"><span class='ocrx_word' id='word_1_60' title='bbox 450 1595 535 1692; x_wconf 85' lang='lat' dir='ltr'>ris,</span> <span class='ocrx_word' id='word_1_61' title='bbox 565 1587 663 1678; x_wconf 73' lang='lat' dir='ltr'>solas</span> <span class='ocrx_word' id='word_1_62' title='bbox 683 1593 819 1694; x_wconf 83' lang='lat' dir='ltr'>alcali,</span> <span class='ocrx_word' id='word_1_63' title='bbox 850 1591 916 1682; x_wconf 88' lang='lat' dir='ltr'>seu</span> <span class='ocrx_word' id='word_1_64' title='bbox 929 1620 972 1684; x_wconf 92' lang='lat' dir='ltr'>ut</span> <span class='ocrx_word' id='word_1_65' title='bbox 990 1589 1098 1708; x_wconf 86' lang='lat' dir='ltr'>supra</span> <span class='ocrx_word' id='word_1_66' title='bbox 1126 1596 1350 1692; x_wconf 89' lang='lat' dir='ltr'>nominavi,</span> <span class='ocrx_word' id='word_1_67' title='bbox 1382 1595 1554 1704; x_wconf 84' lang='lat' dir='ltr'>corporis</span> <span class='ocrx_word' id='word_1_68' title='bbox 1567 1590 1745 1703; x_wconf 87' lang='lat' dir='ltr'>patientis</span> <span class='ocrx_word' id='word_1_69' title='bbox 1758 1614 1846 1700; x_wconf 86' lang='lat' dir='ltr'>pat·</span> 
     </span>
     <span class='ocr_line' id='line_1_9' title="bbox 461 1702 1847 1826; baseline -0.004 -32"><span class='ocrx_word' id='word_1_70' title='bbox 461 1709 594 1794; x_wconf 73' lang='lat' dir='ltr'>rictum</span> <span class='ocrx_word' id='word_1_71' title='bbox 620 1712 660 1794; x_wconf 93' lang='lat' dir='ltr'>in</span> <span class='ocrx_word' id='word_1_72' title='bbox 683 1705 720 1794; x_wconf 91' lang='lat' dir='ltr'>se</span> <span class='ocrx_word' id='word_1_73' title='bbox 743 1711 914 1802; x_wconf 69' lang='lat' dir='ltr'>habente</span> <span class='ocrx_word' id='word_1_74' title='bbox 945 1710 1142 1826; x_wconf 85' lang='lat' dir='ltr'>ideoque,</span> <span class='ocrx_word' id='word_1_75' title='bbox 1173 1709 1224 1794; x_wconf 89' lang='lat' dir='ltr'>ad</span> <span class='ocrx_word' id='word_1_76' title='bbox 1258 1708 1597 1794; x_wconf 82' lang='lat' dir='ltr'>fermentationem</span> <span class='ocrx_word' id='word_1_77' title='bbox 1625 1702 1847 1818; x_wconf 87' lang='lat' dir='ltr'>producen-</span> 
     </span>
     <span class='ocr_line' id='line_1_10' title="bbox 458 1821 1847 1939; baseline -0.002 -29"><span class='ocrx_word' id='word_1_78' title='bbox 458 1825 575 1924; x_wconf 84' lang='lat' dir='ltr'>dam,</span> <span class='ocrx_word' id='word_1_79' title='bbox 605 1853 704 1936; x_wconf 90' lang='lat' dir='ltr'>opus</span> <span class='ocrx_word' id='word_1_80' title='bbox 721 1827 776 1912; x_wconf 87' lang='lat' dir='ltr'>est</span> <span class='ocrx_word' id='word_1_81' title='bbox 798 1851 842 1910; x_wconf 90' lang='lat' dir='ltr'>ur</span> <span class='ocrx_word' id='word_1_82' title='bbox 859 1827 987 1926; x_wconf 83' lang='lat' dir='ltr'>acidi,</span> <span class='ocrx_word' id='word_1_83' title='bbox 1004 1822 1081 1914; x_wconf 71' lang='lat' dir='ltr'>„seu</span> <span class='ocrx_word' id='word_1_84' title='bbox 1099 1829 1272 1938; x_wconf 88' lang='lat' dir='ltr'>corporis</span> <span class='ocrx_word' id='word_1_85' title='bbox 1291 1826 1441 1939; x_wconf 85' lang='lat' dir='ltr'>agentis</span> <span class='ocrx_word' id='word_1_86' title='bbox 1457 1825 1671 1937; x_wconf 72' lang='lat' dir='ltr'>particula,</span> <span class='ocrx_word' id='word_1_87' title='bbox 1702 1821 1847 1908; x_wconf 83' lang='lat' dir='ltr'>extrin-</span> 
     </span>
     <span class='ocr_line' id='line_1_11' title="bbox 461 1935 1847 2056; baseline -0.004 -30"><span class='ocrx_word' id='word_1_88' title='bbox 461 1935 565 2026; x_wconf 84' lang='lat' dir='ltr'>secus</span> <span class='ocrx_word' id='word_1_89' title='bbox 584 1942 795 2028; x_wconf 84' lang='lat' dir='ltr'>adveniant</span> <span class='ocrx_word' id='word_1_90' title='bbox 806 2002 821 2042; x_wconf 87' lang='lat'>,</span> <span class='ocrx_word' id='word_1_91' title='bbox 852 1972 937 2056; x_wconf 82' lang='lat' dir='ltr'>quae</span> <span class='ocrx_word' id='word_1_92' title='bbox 961 1943 1043 2030; x_wconf 77' lang='lat' dir='ltr'>illas</span> <span class='ocrx_word' id='word_1_93' title='bbox 1053 1940 1295 2056; x_wconf 86' lang='lat' dir='ltr'>diffringant,</span> <span class='ocrx_word' id='word_1_94' title='bbox 1326 1941 1715 2027; x_wconf 89' lang='lat' dir='ltr'>&amp;fermentationem</span> <span class='ocrx_word' id='word_1_95' title='bbox 1740 1936 1847 2022; x_wconf 85' lang='lat' dir='ltr'>exci-</span> 
     </span>
     <span class='ocr_line' id='line_1_12' title="bbox 456 2052 1847 2145; baseline -0.005 -4"><span class='ocrx_word' id='word_1_96' title='bbox 456 2079 577 2141; x_wconf 83' lang='lat' dir='ltr'>tent:</span> <span class='ocrx_word' id='word_1_97' title='bbox 604 2058 672 2143; x_wconf 86' lang='lat' dir='ltr'>has</span> <span class='ocrx_word' id='word_1_98' title='bbox 693 2083 823 2144; x_wconf 89' lang='lat' dir='ltr'>autem</span> <span class='ocrx_word' id='word_1_99' title='bbox 853 2061 995 2145; x_wconf 91' lang='lat' dir='ltr'>merito</span> <span class='ocrx_word' id='word_1_100' title='bbox 1025 2088 1073 2143; x_wconf 88' lang='lat' dir='ltr'>ex</span> <span class='ocrx_word' id='word_1_101' title='bbox 1104 2065 1192 2144; x_wconf 70' lang='lat' dir='ltr'>aire</span> <span class='ocrx_word' id='word_1_102' title='bbox 1240 2081 1404 2143; x_wconf 87' lang='lat' dir='ltr'>externo</span> <span class='ocrx_word' id='word_1_103' title='bbox 1433 2063 1474 2141; x_wconf 79' lang='lat' dir='ltr'>dc</span> <span class='ocrx_word' id='word_1_104' title='bbox 1504 2056 1701 2140; x_wconf 80' lang='lat' dir='ltr'>ambiente</span> <span class='ocrx_word' id='word_1_105' title='bbox 1743 2052 1847 2136; x_wconf 90' lang='lat' dir='ltr'>deri·</span> 
     </span>
     <span class='ocr_line' id='line_1_13' title="bbox 454 2165 1848 2308; baseline -0.005 -51"><span class='ocrx_word' id='word_1_106' title='bbox 454 2199 616 2308; x_wconf 66' lang='lat' dir='ltr'>uantum</span> <span class='ocrx_word' id='word_1_107' title='bbox 641 2172 960 2286; x_wconf 66' lang='lat' dir='ltr'>srquidemrvariis</span> <span class='ocrx_word' id='word_1_108' title='bbox 977 2175 1247 2288; x_wconf 81' lang='lat' dir='ltr'>experimentis</span> <span class='ocrx_word' id='word_1_109' title='bbox 1266 2175 1435 2272; x_wconf 88' lang='lat' dir='ltr'>constat,</span> <span class='ocrx_word' id='word_1_110' title='bbox 1467 2172 1722 2308; x_wconf 79' lang='lat' dir='ltr'>illummultis</span> <span class='ocrx_word' id='word_1_111' title='bbox 1744 2165 1848 2252; x_wconf 86' lang='lat' dir='ltr'>acidi</span> 
     </span>
     <span class='ocr_line' id='line_1_14' title="bbox 460 2285 1848 2518; baseline -0.004 -30"><span class='ocrx_word' id='word_1_112' title='bbox 460 2288 654 2491; x_wconf 56' lang='lat' dir='ltr'>iiiii?</span> <span class='ocrx_word' id='word_1_113' title='bbox 664 2288 1515 2518; x_wconf 33' lang='lat' dir='ltr'>{pnexupppgpnpgfflffi</span> <span class='ocrx_word' id='word_1_114' title='bbox 1542 2287 1660 2486; x_wconf 65' lang='lat' dir='ltr'>{iii</span> <span class='ocrx_word' id='word_1_115' title='bbox 1679 2285 1848 2488; x_wconf 65' lang='lat' dir='ltr'>fi‘i‘i</span> 
     </span>
     <span class='ocr_line' id='line_1_15' title="bbox 461 2518 1847 2632; baseline -0.003 -30"><span class='ocrx_word' id='word_1_116' title='bbox 461 2547 579 2632; x_wconf 92' lang='lat' dir='ltr'>poros</span> <span class='ocrx_word' id='word_1_117' title='bbox 601 2523 711 2604; x_wconf 87' lang='lat' dir='ltr'>musti</span> <span class='ocrx_word' id='word_1_118' title='bbox 729 2521 941 2621; x_wconf 89' lang='lat' dir='ltr'>insmuant,</span> <span class='ocrx_word' id='word_1_119' title='bbox 972 2528 1013 2606; x_wconf 85' lang='lat' dir='ltr'>dc</span> <span class='ocrx_word' id='word_1_120' title='bbox 1039 2550 1128 2605; x_wconf 91' lang='lat' dir='ltr'>cum</span> <span class='ocrx_word' id='word_1_121' title='bbox 1141 2523 1252 2629; x_wconf 83' lang='lat' dir='ltr'>hujus</span> <span class='ocrx_word' id='word_1_122' title='bbox 1279 2523 1472 2632; x_wconf 81' lang='lat' dir='ltr'>particulis</span> <span class='ocrx_word' id='word_1_123' title='bbox 1493 2520 1658 2603; x_wconf 82' lang='lat' dir='ltr'>alcaiicis</span> <span class='ocrx_word' id='word_1_124' title='bbox 1683 2518 1847 2621; x_wconf 87' lang='lat' dir='ltr'>conjun-</span> 
     </span>
     <span class='ocr_line' id='line_1_16' title="bbox 457 2628 1952 2752; baseline -0.003 -33"><span class='ocrx_word' id='word_1_125' title='bbox 457 2659 625 2748; x_wconf 84' lang='lat' dir='ltr'>guntur,</span> <span class='ocrx_word' id='word_1_126' title='bbox 656 2633 814 2752; x_wconf 86' lang='lat' dir='ltr'>illasque</span> <span class='ocrx_word' id='word_1_127' title='bbox 847 2637 974 2723; x_wconf 93' lang='lat' dir='ltr'>modo</span> <span class='ocrx_word' id='word_1_128' title='bbox 997 2632 1105 2750; x_wconf 86' lang='lat' dir='ltr'>supra</span> <span class='ocrx_word' id='word_1_129' title='bbox 1125 2662 1434 2723; x_wconf 80' lang='lat' dir='ltr'>comunemoraro</span> <span class='ocrx_word' id='word_1_130' title='bbox 1456 2635 1671 2734; x_wconf 89' lang='lat' dir='ltr'>divellunt,</span> <span class='ocrx_word' id='word_1_131' title='bbox 1702 2657 1746 2717; x_wconf 89' lang='lat' dir='ltr'>ut</span> <span class='ocrx_word' id='word_1_132' title='bbox 1767 2628 1847 2715; x_wconf 88' lang='lat' dir='ltr'>a&#39;eti</span> <span class='ocrx_word' id='word_1_133' title='bbox 1946 2724 1952 2732; x_wconf 69' lang='lat'>,</span> 
     </span>
     <span class='ocr_line' id='line_1_17' title="bbox 460 2741 1848 2868; baseline 0.001 -33"><span class='ocrx_word' id='word_1_134' title='bbox 460 2745 605 2836; x_wconf 86' lang='lat' dir='ltr'>incluso</span> <span class='ocrx_word' id='word_1_135' title='bbox 628 2753 775 2838; x_wconf 83' lang='lat' dir='ltr'>exitum</span> <span class='ocrx_word' id='word_1_136' title='bbox 787 2754 1001 2866; x_wconf 78' lang='lat' dir='ltr'>praebeantr</span> <span class='ocrx_word' id='word_1_137' title='bbox 1033 2782 1115 2868; x_wconf 93' lang='lat' dir='ltr'>quo</span> <span class='ocrx_word' id='word_1_138' title='bbox 1128 2751 1199 2851; x_wconf 89' lang='lat' dir='ltr'>fit,</span> <span class='ocrx_word' id='word_1_139' title='bbox 1230 2778 1274 2840; x_wconf 93' lang='lat' dir='ltr'>ut</span> <span class='ocrx_word' id='word_1_140' title='bbox 1283 2777 1463 2865; x_wconf 86' lang='lat' dir='ltr'>putemus</span> <span class='ocrx_word' id='word_1_141' title='bbox 1485 2743 1772 2864; x_wconf 88' lang='lat' dir='ltr'>mustumperse</span> <span class='ocrx_word' id='word_1_142' title='bbox 1785 2741 1848 2829; x_wconf 89' lang='lat' dir='ltr'>so·</span> 
     </span>
     <span class='ocr_line' id='line_1_18' title="bbox 459 2863 1848 2970; baseline -0.008 -16"><span class='ocrx_word' id='word_1_143' title='bbox 459 2865 564 2965; x_wconf 85' lang='grc' dir='ltr'><strong>Ιιιιιι,</strong></span> <span class='ocrx_word' id='word_1_144' title='bbox 596 2865 671 2950; x_wconf 84' lang='lat' dir='ltr'>stne</span> <span class='ocrx_word' id='word_1_145' title='bbox 685 2867 886 2953; x_wconf 89' lang='lat' dir='ltr'>additione</span> <span class='ocrx_word' id='word_1_146' title='bbox 902 2871 1078 2968; x_wconf 86' lang='lat' dir='ltr'>alterius,</span> <span class='ocrx_word' id='word_1_147' title='bbox 1107 2863 1424 2958; x_wconf 85' lang='lat' dir='ltr'>fermentescere:</span> <span class='ocrx_word' id='word_1_148' title='bbox 1447 2869 1537 2952; x_wconf 84' lang='lat' dir='ltr'>hinc</span> <span class='ocrx_word' id='word_1_149' title='bbox 1550 2869 1667 2970; x_wconf 81' lang='lat' dir='ltr'>etiam</span> <span class='ocrx_word' id='word_1_150' title='bbox 1686 2864 1848 2963; x_wconf 87' lang='lat' dir='ltr'>evenit,</span> 
     </span>
     <span class='ocr_line' id='line_1_19' title="bbox 457 2979 1846 3092; baseline -0.003 -26"><span class='ocrx_word' id='word_1_151' title='bbox 457 3003 529 3078; x_wconf 88' lang='lat' dir='ltr'>ut,</span> <span class='ocrx_word' id='word_1_152' title='bbox 559 2981 645 3090; x_wconf 93' lang='lat' dir='ltr'>post</span> <span class='ocrx_word' id='word_1_153' title='bbox 669 2979 1004 3068; x_wconf 86' lang='lat' dir='ltr'>fermentationem</span> <span class='ocrx_word' id='word_1_154' title='bbox 1030 2985 1222 3092; x_wconf 89' lang='lat' dir='ltr'>primam,</span> <span class='ocrx_word' id='word_1_155' title='bbox 1252 2986 1411 3069; x_wconf 88' lang='lat' dir='ltr'>ulterius</span> <span class='ocrx_word' id='word_1_156' title='bbox 1452 3011 1533 3065; x_wconf 92' lang='lat' dir='ltr'>non</span> <span class='ocrx_word' id='word_1_157' title='bbox 1569 2979 1846 3076; x_wconf 82' lang='lat' dir='ltr'>fermentetur,</span> 
     </span>
     <span class='ocr_line' id='line_1_20' title="bbox 452 3089 1845 3211; baseline 0.004 -35"><span class='ocrx_word' id='word_1_158' title='bbox 452 3096 554 3208; x_wconf 88' lang='lat' dir='ltr'>quia</span> <span class='ocrx_word' id='word_1_159' title='bbox 578 3093 680 3177; x_wconf 90' lang='lat' dir='ltr'>acidi</span> <span class='ocrx_word' id='word_1_160' title='bbox 693 3095 838 3193; x_wconf 86' lang='lat' dir='ltr'>nullas,</span> <span class='ocrx_word' id='word_1_161' title='bbox 858 3090 924 3180; x_wconf 93' lang='lat' dir='ltr'>sed</span> <span class='ocrx_word' id='word_1_162' title='bbox 945 3119 1094 3179; x_wconf 88' lang='lat' dir='ltr'>tantum</span> <span class='ocrx_word' id='word_1_163' title='bbox 1111 3099 1222 3181; x_wconf 88' lang='lat' dir='ltr'>alcali</span> <span class='ocrx_word' id='word_1_164' title='bbox 1239 3099 1470 3211; x_wconf 81' lang='lat' dir='ltr'>particulas,</span> <span class='ocrx_word' id='word_1_165' title='bbox 1502 3098 1543 3178; x_wconf 93' lang='lat' dir='ltr'>in</span> <span class='ocrx_word' id='word_1_166' title='bbox 1571 3089 1609 3179; x_wconf 86' lang='lat' dir='ltr'>se</span> <span class='ocrx_word' id='word_1_167' title='bbox 1641 3095 1845 3182; x_wconf 69' lang='lat' dir='ltr'>continete</span> 
     </span>
     <span class='ocr_line' id='line_1_21' title="bbox 457 3203 1847 3328; baseline 0.005 -38"><span class='ocrx_word' id='word_1_168' title='bbox 457 3213 538 3319; x_wconf 87' lang='lat' dir='ltr'>jam</span> <span class='ocrx_word' id='word_1_169' title='bbox 560 3203 667 3318; x_wconf 87' lang='lat' dir='ltr'>supra</span> <span class='ocrx_word' id='word_1_170' title='bbox 683 3233 814 3294; x_wconf 88' lang='lat' dir='ltr'>autem</span> <span class='ocrx_word' id='word_1_171' title='bbox 832 3210 1090 3294; x_wconf 85' lang='lat' dir='ltr'>demonstravi</span> <span class='ocrx_word' id='word_1_172' title='bbox 1110 3212 1222 3298; x_wconf 84' lang='lat' dir='ltr'>alcaii</span> <span class='ocrx_word' id='word_1_173' title='bbox 1251 3213 1455 3328; x_wconf 79' lang='lat' dir='ltr'>particulas</span> <span class='ocrx_word' id='word_1_174' title='bbox 1486 3237 1569 3298; x_wconf 89' lang='lat' dir='ltr'>non</span> <span class='ocrx_word' id='word_1_175' title='bbox 1602 3203 1847 3299; x_wconf 83' lang='lat' dir='ltr'>effervescere</span> 
     </span>
     <span class='ocr_line' id='line_1_22' title="bbox 461 3319 1082 3440; baseline 0 -29"><span class='ocrx_word' id='word_1_176' title='bbox 461 3325 663 3440; x_wconf 87' lang='lat' dir='ltr'>postquam</span> <span class='ocrx_word' id='word_1_177' title='bbox 683 3319 800 3412; x_wconf 87' lang='lat' dir='ltr'>semel</span> <span class='ocrx_word' id='word_1_178' title='bbox 822 3324 1082 3413; x_wconf 85' lang='lat' dir='ltr'>efferbuerint.</span> 
     </span>
    </p>
   </div>
   <div class='ocr_carea' id='block_1_5' title="bbox 1104 3553 1542 3733">
    <p class='ocr_par' dir='ltr' id='par_1_5' title="bbox 1104 3553 1542 3733">
     <span class='ocr_line' id='line_1_23' title="bbox 1104 3553 1542 3733; baseline -0.011 -86"><span class='ocrx_word' id='word_1_179' title='bbox 1104 3553 1259 3648; x_wconf 88' lang='lat' dir='ltr'><strong>XII.</strong></span> <span class='ocrx_word' id='word_1_180' title='bbox 1523 3683 1542 3733; x_wconf 73' lang='lat' dir='ltr'>r</span> 
     </span>
    </p>
   </div>
   <div class='ocr_carea' id='block_1_6' title="bbox 459 3780 1931 4600">
    <p class='ocr_par' dir='ltr' id='par_1_6' title="bbox 459 3780 1931 4600">
     <span class='ocr_line' id='line_1_24' title="bbox 489 3780 1849 3900; baseline 0.002 -27"><span class='ocrx_word' id='word_1_181' title='bbox 489 3825 493 3837; x_wconf 69' lang='lat'>=</span> <span class='ocrx_word' id='word_1_182' title='bbox 518 3780 622 3873; x_wconf 84' lang='lat' dir='ltr'>Haec</span> <span class='ocrx_word' id='word_1_183' title='bbox 644 3786 685 3870; x_wconf 80' lang='grc' dir='ltr'>δι</span> <span class='ocrx_word' id='word_1_184' title='bbox 707 3785 828 3870; x_wconf 89' lang='lat' dir='ltr'>multa</span> <span class='ocrx_word' id='word_1_185' title='bbox 849 3785 949 3888; x_wconf 82' lang='lat' dir='ltr'>alia,</span> <span class='ocrx_word' id='word_1_186' title='bbox 980 3813 1065 3900; x_wconf 83' lang='lat' dir='ltr'>quae</span> <span class='ocrx_word' id='word_1_187' title='bbox 1098 3789 1139 3872; x_wconf 90' lang='lat' dir='ltr'>in</span> <span class='ocrx_word' id='word_1_188' title='bbox 1167 3780 1452 3878; x_wconf 87' lang='lat' dir='ltr'>effervescentia</span> <span class='ocrx_word' id='word_1_189' title='bbox 1480 3780 1754 3887; x_wconf 86' lang='lat' dir='ltr'>observantur,</span> <span class='ocrx_word' id='word_1_190' title='bbox 1797 3813 1849 3876; x_wconf 81' lang='lat' dir='ltr'>ex</span> 
     </span>
     <span class='ocr_line' id='line_1_25' title="bbox 461 3898 1847 4018; baseline 0.002 -28"><span class='ocrx_word' id='word_1_191' title='bbox 461 3903 521 3990; x_wconf 85' lang='lat' dir='ltr'>hir</span> <span class='ocrx_word' id='word_1_192' title='bbox 538 3901 813 4016; x_wconf 80' lang='lat' dir='ltr'>hypothefibus</span> <span class='ocrx_word' id='word_1_193' title='bbox 833 3902 1043 3992; x_wconf 91' lang='lat' dir='ltr'>commode</span> <span class='ocrx_word' id='word_1_194' title='bbox 1075 3906 1255 4016; x_wconf 78' lang='lat' dir='ltr'>explicari</span> <span class='ocrx_word' id='word_1_195' title='bbox 1277 3901 1430 4018; x_wconf 72' lang='lat' dir='ltr'>poliunt</span> <span class='ocrx_word' id='word_1_196' title='bbox 1453 3937 1463 3986; x_wconf 75' lang='grc' dir='ltr'><strong><em>ε</em></strong></span> <span class='ocrx_word' id='word_1_197' title='bbox 1496 3898 1744 3990; x_wconf 89' lang='lat' dir='ltr'>solummodo</span> <span class='ocrx_word' id='word_1_198' title='bbox 1774 3907 1847 3994; x_wconf 88' lang='lat' dir='ltr'>ita·</span> 
     </span>
     <span class='ocr_line' id='line_1_26' title="bbox 461 4017 1847 4137; baseline -0.001 -29"><span class='ocrx_word' id='word_1_199' title='bbox 461 4047 540 4136; x_wconf 78' lang='lat' dir='ltr'>que</span> <span class='ocrx_word' id='word_1_200' title='bbox 552 4021 686 4118; x_wconf 86' lang='lat' dir='ltr'>restat,</span> <span class='ocrx_word' id='word_1_201' title='bbox 718 4043 761 4102; x_wconf 88' lang='lat' dir='ltr'>ut</span> <span class='ocrx_word' id='word_1_202' title='bbox 772 4017 999 4120; x_wconf 90' lang='lat' dir='ltr'>videamus,</span> <span class='ocrx_word' id='word_1_203' title='bbox 1029 4047 1079 4104; x_wconf 87' lang='lat' dir='ltr'>an</span> <span class='ocrx_word' id='word_1_204' title='bbox 1098 4021 1171 4108; x_wconf 75' lang='lat' dir='ltr'>111ae</span> <span class='ocrx_word' id='word_1_205' title='bbox 1189 4049 1350 4137; x_wconf 86' lang='lat' dir='ltr'>quoque</span> <span class='ocrx_word' id='word_1_206' title='bbox 1365 4021 1507 4105; x_wconf 86' lang='lat' dir='ltr'>rationi</span> <span class='ocrx_word' id='word_1_207' title='bbox 1524 4027 1567 4104; x_wconf 75' lang='grc' dir='ltr'>δε</span> <span class='ocrx_word' id='word_1_208' title='bbox 1584 4020 1737 4106; x_wconf 86' lang='lat' dir='ltr'>veritati</span> <span class='ocrx_word' id='word_1_209' title='bbox 1750 4049 1847 4106; x_wconf 90' lang='lat' dir='ltr'>con·</span> 
     </span>
     <span class='ocr_line' id='line_1_27' title="bbox 460 4133 1848 4254; baseline -0.001 -32"><span class='ocrx_word' id='word_1_210' title='bbox 460 4139 632 4236; x_wconf 77' lang='lat' dir='ltr'>veniant,</span> <span class='ocrx_word' id='word_1_211' title='bbox 647 4141 686 4218; x_wconf 80' lang='grc' dir='ltr'>δι</span> <span class='ocrx_word' id='word_1_212' title='bbox 705 4135 844 4248; x_wconf 82' lang='lat' dir='ltr'>quibus</span> <span class='ocrx_word' id='word_1_213' title='bbox 853 4137 1084 4248; x_wconf 84' lang='lat' dir='ltr'>argumentis</span> <span class='ocrx_word' id='word_1_214' title='bbox 1095 4136 1136 4221; x_wconf 93' lang='lat' dir='ltr'>id</span> <span class='ocrx_word' id='word_1_215' title='bbox 1144 4138 1298 4250; x_wconf 89' lang='lat' dir='ltr'>probari</span> <span class='ocrx_word' id='word_1_216' title='bbox 1308 4161 1438 4252; x_wconf 89' lang='lat' dir='ltr'>queat.</span> <span class='ocrx_word' id='word_1_217' title='bbox 1464 4133 1596 4248; x_wconf 80' lang='lat' dir='ltr'>Qod</span> <span class='ocrx_word' id='word_1_218' title='bbox 1605 4165 1699 4254; x_wconf 83' lang='lat' dir='ltr'>ergo</span> <span class='ocrx_word' id='word_1_219' title='bbox 1709 4139 1848 4220; x_wconf 83' lang='lat' dir='ltr'>attinet</span> 
     </span>
     <span class='ocr_line' id='line_1_28' title="bbox 459 4246 1931 4368; baseline -0.003 -26"><span class='ocrx_word' id='word_1_220' title='bbox 459 4252 617 4342; x_wconf 82' lang='lat' dir='ltr'>adduas</span> <span class='ocrx_word' id='word_1_221' title='bbox 630 4250 780 4336; x_wconf 85' lang='lat' dir='ltr'>ultimas</span> <span class='ocrx_word' id='word_1_222' title='bbox 789 4246 1020 4364; x_wconf 85' lang='lat' dir='ltr'>hypotheses</span> <span class='ocrx_word' id='word_1_223' title='bbox 1028 4247 1219 4364; x_wconf 80' lang='lat' dir='ltr'>speciales,</span> <span class='ocrx_word' id='word_1_224' title='bbox 1234 4251 1373 4368; x_wconf 83' lang='lat' dir='ltr'>quibus</span> <span class='ocrx_word' id='word_1_225' title='bbox 1383 4279 1523 4364; x_wconf 88' lang='lat' dir='ltr'>nempe</span> <span class='ocrx_word' id='word_1_226' title='bbox 1544 4255 1736 4364; x_wconf 82' lang='lat' dir='ltr'>particulis</span> <span class='ocrx_word' id='word_1_227' title='bbox 1746 4251 1849 4338; x_wconf 88' lang='lat' dir='ltr'>acidi</span> <span class='ocrx_word' id='word_1_228' title='bbox 1928 4268 1931 4274; x_wconf 83' lang='grc'><strong>“</strong></span> 
     </span>
     <span class='ocr_line' id='line_1_29' title="bbox 462 4364 1849 4483; baseline 0.001 -29"><span class='ocrx_word' id='word_1_229' title='bbox 462 4369 644 4466; x_wconf 77' lang='lat' dir='ltr'>dedendi,</span> <span class='ocrx_word' id='word_1_230' title='bbox 676 4367 774 4454; x_wconf 86' lang='lat' dir='ltr'>hanc</span> <span class='ocrx_word' id='word_1_231' title='bbox 785 4427 799 4468; x_wconf 88' lang='lat'>,</span> <span class='ocrx_word' id='word_1_232' title='bbox 814 4369 1090 4468; x_wconf 82' lang='lat' dir='ltr'>&amp;non&#39;aliam,</span> <span class='ocrx_word' id='word_1_233' title='bbox 1103 4368 1261 4483; x_wconf 82' lang='lat' dir='ltr'>figuram</span> <span class='ocrx_word' id='word_1_234' title='bbox 1272 4364 1437 4480; x_wconf 70' lang='lat' dir='ltr'>ascripsit</span> <span class='ocrx_word' id='word_1_235' title='bbox 1468 4368 1667 4456; x_wconf 87' lang='lat' dir='ltr'>fatendum</span> <span class='ocrx_word' id='word_1_236' title='bbox 1686 4368 1849 4480; x_wconf 88' lang='lat' dir='ltr'>quidem</span> 
     </span>
     <span class='ocr_line' id='line_1_30' title="bbox 465 4481 1847 4600; baseline 0.002 -30"><span class='ocrx_word' id='word_1_237' title='bbox 465 4487 542 4585; x_wconf 83' lang='lat' dir='ltr'>est,</span> <span class='ocrx_word' id='word_1_238' title='bbox 571 4484 679 4570; x_wconf 81' lang='lat' dir='ltr'>nullo</span> <span class='ocrx_word' id='word_1_239' title='bbox 691 4484 955 4597; x_wconf 81' lang='lat' dir='ltr'>experimento</span> <span class='ocrx_word' id='word_1_240' title='bbox 971 4483 1014 4570; x_wconf 93' lang='lat' dir='ltr'>id</span> <span class='ocrx_word' id='word_1_241' title='bbox 1025 4481 1130 4597; x_wconf 87' lang='lat' dir='ltr'>posse</span> <span class='ocrx_word' id='word_1_242' title='bbox 1140 4484 1410 4583; x_wconf 81' lang='lat' dir='ltr'>demonstrari,</span> <span class='ocrx_word' id='word_1_243' title='bbox 1425 4485 1482 4569; x_wconf 93' lang='lat' dir='ltr'>ob</span> <span class='ocrx_word' id='word_1_244' title='bbox 1495 4487 1744 4600; x_wconf 84' lang='lat' dir='ltr'>exiguitatem</span> <span class='ocrx_word' id='word_1_245' title='bbox 1759 4513 1847 4598; x_wconf 89' lang='lat' dir='ltr'>par·</span> 
     </span>
    </p>
   </div>
   <div class='ocr_carea' id='block_1_7' title="bbox 459 4599 1848 5066">
    <p class='ocr_par' dir='ltr' id='par_1_7' title="bbox 459 4599 1848 4952">
     <span class='ocr_line' id='line_1_31' title="bbox 463 4599 1847 4714; baseline 0.004 -29"><span class='ocrx_word' id='word_1_246' title='bbox 463 4601 685 4700; x_wconf 84' lang='lat' dir='ltr'>titulatum,</span> <span class='ocrx_word' id='word_1_247' title='bbox 744 4629 800 4686; x_wconf 79' lang='lat' dir='ltr'>uae</span> <span class='ocrx_word' id='word_1_248' title='bbox 819 4627 978 4688; x_wconf 88' lang='lat' dir='ltr'>omnem</span> <span class='ocrx_word' id='word_1_249' title='bbox 995 4602 1118 4686; x_wconf 86' lang='lat' dir='ltr'>aciem</span> <span class='ocrx_word' id='word_1_250' title='bbox 1143 4602 1346 4688; x_wconf 86' lang='lat' dir='ltr'>oculorum</span> <span class='ocrx_word' id='word_1_251' title='bbox 1382 4599 1568 4714; x_wconf 77' lang='lat' dir='ltr'>effugiunt</span> <span class='ocrx_word' id='word_1_252' title='bbox 1606 4606 1648 4687; x_wconf 81' lang='lat' dir='ltr'>dc</span> <span class='ocrx_word' id='word_1_253' title='bbox 1681 4599 1847 4690; x_wconf 80' lang='lat' dir='ltr'>admini-</span> 
     </span>
     <span class='ocr_line' id='line_1_32' title="bbox 459 4627 1848 4841; baseline 0.004 -39"><span class='ocrx_word' id='word_1_254' title='bbox 459 4717 592 4804; x_wconf 85' lang='lat' dir='ltr'>culum</span> <span class='ocrx_word' id='word_1_255' title='bbox 608 4627 946 4830; x_wconf 61' lang='lat' dir='ltr'>microicopiorum</span> <span class='ocrx_word' id='word_1_256' title='bbox 969 4717 1129 4805; x_wconf 86' lang='lat' dir='ltr'>eludunt</span> <span class='ocrx_word' id='word_1_257' title='bbox 1154 4753 1164 4802; x_wconf 74' lang='grc' dir='ltr'><strong>ι</strong></span> <span class='ocrx_word' id='word_1_258' title='bbox 1196 4711 1335 4841; x_wconf 63' lang='grc' dir='ltr'><strong>ῐιιιῑιιὶι</strong></span> <span class='ocrx_word' id='word_1_259' title='bbox 1350 4717 1482 4830; x_wconf 87' lang='lat' dir='ltr'>itaque</span> <span class='ocrx_word' id='word_1_260' title='bbox 1501 4716 1595 4802; x_wconf 89' lang='lat' dir='ltr'>mihi</span> <span class='ocrx_word' id='word_1_261' title='bbox 1607 4778 1622 4819; x_wconf 89' lang='lat'>,</span> <span class='ocrx_word' id='word_1_262' title='bbox 1666 4715 1694 4800; x_wconf 84' lang='lat' dir='ltr'>fi</span> <span class='ocrx_word' id='word_1_263' title='bbox 1727 4719 1848 4806; x_wconf 74' lang='lat' dir='ltr'>mem</span> 
     </span>
     <span class='ocr_line' id='line_1_33' title="bbox 461 4829 1846 4952; baseline 0.003 -32"><span class='ocrx_word' id='word_1_264' title='bbox 461 4829 547 4952; x_wconf 85' lang='lat' dir='ltr'>ipfis</span> <span class='ocrx_word' id='word_1_265' title='bbox 566 4836 722 4922; x_wconf 88' lang='lat' dir='ltr'>attribui</span> <span class='ocrx_word' id='word_1_266' title='bbox 745 4833 927 4948; x_wconf 82' lang='lat' dir='ltr'>figuram,</span> <span class='ocrx_word' id='word_1_267' title='bbox 958 4861 1042 4950; x_wconf 79' lang='lat' dir='ltr'>quae</span> <span class='ocrx_word' id='word_1_268' title='bbox 1061 4835 1228 4922; x_wconf 82' lang='lat' dir='ltr'>maxime</span> <span class='ocrx_word' id='word_1_269' title='bbox 1247 4836 1433 4924; x_wconf 88' lang='lat' dir='ltr'>convenit</span> <span class='ocrx_word' id='word_1_270' title='bbox 1449 4831 1502 4926; x_wconf 78' lang='lat' dir='ltr'>ad</span> <span class='ocrx_word' id='word_1_271' title='bbox 1536 4855 1710 4929; x_wconf 71' lang='lat' dir='ltr'>naturam</span> <span class='ocrx_word' id='word_1_272' title='bbox 1732 4834 1846 4924; x_wconf 79' lang='lat' dir='ltr'>effer·</span> 
     </span>
    </p>

    <p class='ocr_par' dir='ltr' id='par_1_8' title="bbox 515 4939 1846 5066">
     <span class='ocr_line' id='line_1_34' title="bbox 515 4939 1846 5066; baseline 0 -26"><span class='ocrx_word' id='word_1_273' title='bbox 515 4951 626 5056; x_wconf 71' lang='lat' dir='ltr'>Im.</span> <span class='ocrx_word' id='word_1_274' title='bbox 639 4949 820 5042; x_wconf 65' lang='lat' dir='ltr'>Romule</span> <span class='ocrx_word' id='word_1_275' title='bbox 846 4947 968 5066; x_wconf 70' lang='lat' dir='ltr'>Opera</span> <span class='ocrx_word' id='word_1_276' title='bbox 985 4959 1117 5042; x_wconf 75' lang='lat' dir='ltr'>omnia·</span> <span class='ocrx_word' id='word_1_277' title='bbox 1152 4943 1278 5044; x_wconf 80' lang='lat' dir='ltr'>Tom.</span> <span class='ocrx_word' id='word_1_278' title='bbox 1308 4945 1342 5041; x_wconf 86' lang='lat' dir='ltr'>l.</span> <span class='ocrx_word' id='word_1_279' title='bbox 1528 4945 1570 5039; x_wconf 91' lang='lat' dir='ltr'>C</span> <span class='ocrx_word' id='word_1_280' title='bbox 1758 4939 1846 5040; x_wconf 78' lang='lat' dir='ltr'>ves·</span> 
     </span>
    </p>
   </div>
   <div class='ocr_carea' id='block_1_8' title="bbox 0 0 2755 6884">
    <p class='ocr_par' dir='ltr' id='par_1_9' title="bbox 0 0 2755 6884">
     <span class='ocr_line' id='line_1_35' title="bbox 0 0 2755 6884; baseline 0 0"><span class='ocrx_word' id='word_1_281' title='bbox 0 0 2755 6884; x_wconf 95' lang='lat' dir='ltr'> </span> 
     </span>
    </p>
   </div>
  </div>
 </body>
</html>
