5500 6884
552 749 877 899 Neruuuv.
907 792 1385 899 bremuncurte
1411 801 1737 903 uvaauM
1786 818 1891 925 ’ω

479 998 569 1050 ame
588 970 701 1048 haberi
730 970 869 1049 fateorr
897 998 1005 1069 neque
1025 992 1138 1049 tamen
1168 999 1392 1073 quemquam,
1418 978 1511 1071 eujus
1533 978 1704 1075 ingenium
1730 978 1869 1055 adeam

480 1074 699 1147 excolendam
727 1069 859 1161 sertum,
892 1074 1024 1146 anima
1054 1071 1101 1145 est
1136 1076 1311 1149 retrabere.
1371 1076 1419 1150 Et
1449 1078 1623 1169 quamvis,
1650 1094 1728 1151 ante
1759 1102 1867 1151 annos

478 1169 567 1245 bene
587 1172 732 1259 multos,
753 1170 948 1245 methodum
967 1172 1058 1245 illam
1083 1197 1125 1245 eo
1146 1173 1290 1263 deduci,
1312 1188 1352 1247 ut
1375 1172 1458 1245 nihil
1483 1175 1640 1249 basianus
1659 1173 1865 1270 propositum

474 1270 642 1357 viderim,
665 1270 758 1367 quod
780 1270 852 1363 ejus
871 1296 956 1365 ope,
979 1294 1056 1344 cum
1085 1295 1221 1367 operam
1246 1273 1324 1347 dare
1342 1272 1375 1345 ei
1395 1271 1510 1361 licuit,
1535 1296 1607 1347 non
1626 1272 1792 1368 potuerim
1805 1272 1862 1344 de-

384 1433 401 1442 -
478 1369 681 1457 terminare,
699 1364 845 1541 ipsasque
865 1368 951 1443 adeo
967 1393 1039 1443 uon
1063 1369 1109 1443 ita
1127 1371 1255 1466 pridem
1284 1368 1500 1467 proprietates
1531 1373 1765 1466 tangentium,
1788 1395 1863 1465 quae

475 1465 625 1561 pluribus
648 1468 758 1541 curvis
793 1485 857 1541 unt
878 1491 1097 1543 communes:
1120 1470 1216 1543 inea
1234 1490 1347 1542 tamen
1367 1467 1526 1563 opinione
1543 1466 1668 1565 semper
1694 1468 1765 1555 sui,
1790 1492 1865 1545 non

476 1562 536 1637 elle
559 1566 645 1638 hanc
662 1567 843 1661 genuinam
856 1566 947 1641 viam
970 1567 1211 1641 determinandi
1231 1590 1410 1641 curvarum
1430 1564 1661 1661 descriptiones
1684 1570 1716 1641 dc
1737 1568 1864 1639 dimen-

475 1659 610 1737 siones:
639 1666 673 1738 dc
700 1666 778 1757 quia
810 1688 903 1739 nunc
935 1666 1017 1739 mihi
1046 1682 1179 1746 tantum
1210 1666 1368 1761 temporie
1398 1690 1470 1738 non
1490 1664 1686 1761 relinquitur
1718 1688 1862 1739 vacuum

472 1760 612 1835 adhaec
641 1761 747 1837 stum
774 1761 1022 1858 persequenda,
1052 1763 1205 1838 lubenter
1223 1766 1293 1837 haec
1320 1764 1391 1836 aliis
1424 1763 1590 1858 relinquo,
1618 1764 1763 1858 &quod
1778 1762 1863 1839 mihi·

473 1856 615 1953 suppetit
638 1861 746 1933 otium
772 1861 886 1935 tribuo
901 1863 1000 1956 hrrjus
1019 1863 1148 1957 generis
1167 1861 1281 1935 studiis
1306 1887 1348 1935 eo
1363 1860 1481 1935 ordine
1493 1862 1696 1951 tractandis,
1721 1863 1778 1957 qui
1795 1861 1857 1933 mi·

473 1956 509 2029 hi
535 1958 656 2051 pariter
674 1963 708 2033 dc
731 1957 865 2055 publico
891 1962 1037 2035 maxime
1054 1960 1239 2035 conducere
1257 1960 1403 2035 videtur.

470 2089 480 2134 a
523 2058 610 2144 Quae
634 2059 803 2152 pertinent
825 2058 867 2132 ad
887 2055 981 2133 socos
998 2060 1036 2132 in
1062 2058 1209 2154 qualibet
1229 2084 1333 2133 cuma
1352 2058 1501 2151 speciali,
1526 2060 1595 2151 jam
1623 2060 1660 2133 in
1693 2056 1853 2133 Medicina

471 2162 585 2228 marti
612 2157 830 2249 permeant,
850 2154 1065 2252 ostendique,
1099 2176 1263 2251 quantum
1294 2153 1414 2231 sufficit
1434 2158 1551 2229 harum
1578 2180 1690 2229 rerum
1718 2158 1853 2251 peritis,

471 2252 771 2345 quomodeomnee
780 2272 872 2330 certo
896 2252 962 2329 lint
980 2256 1231 2332 determinandi.
1258 2256 1423 2344 Quamvis
1443 2258 1552 2343 enim,
1576 2280 1650 2329 mea
1668 2253 1850 2342 sententia,

472 2350 627 2445 quaelibet
651 2378 773 2441 curva,
797 2378 849 2425 ex.
877 2378 927 2449 gr.
947 2356 1110 2445 circulor,
1127 2351 1280 2428 infinitos
1293 2350 1516 2440 hebetiores,
1542 2370 1659 2427 omnes
1674 2370 1786 2425 tamen
1803 2354 1848 2426 ita
1947 2402 1950 2411 ι

470 2447 602 2543 possunt
619 2451 790 2535 invenirit
810 2453 904 2547 eujus
918 2453 991 2539 rei,
1010 2454 1079 2547 jam
1097 2454 1133 2525 in
1145 2454 1234 2524 Aeas
1256 2452 1457 2525 Erudircrten
1467 2502 1479 2539 ,
1505 2450 1640 2525 exhibui
1659 2448 1844 2545 specimina.

470 2550 510 2621 ld
535 2566 646 2621 tamen
674 2574 796 2645 negare
815 2575 886 2625 non
905 2548 1056 2643 pulsum,
1080 2551 1255 2645 peculiaria
1275 2550 1328 2623 hic
1346 2551 1418 2623 dari
1440 2550 1654 2643 compendia,
1677 2546 1745 2621 line
1776 2548 1849 2641 qui·

470 2644 531 2719 bue
556 2649 723 2721 ordinaria
742 2646 876 2741 Analyu
899 2650 984 2722 harre
1007 2673 1079 2722 tem
1100 2647 1251 2745 superare
1282 2673 1376 2744 paene
1401 2646 1597 2743 impossibile
1615 2646 1686 2734 ell,
1713 2642 1849 2719 lubens·

468 2768 534 2839 que
554 2742 579 2817 fi
599 2748 671 2839 quir
689 2748 766 2819 huic
786 2748 858 2833 tei,
880 2770 981 2841 quam
1002 2749 1146 2823 maxime
1171 2749 1287 2823 utilem
1309 2749 1346 2820 in
1379 2762 1451 2819 tota
1476 2742 1633 2833 mathesi,
1668 2768 1744 2817 meo
1776 2744 1848 2839 qui-

467 2843 544 2916 dem
556 2848 649 2918 tenui
664 2846 800 2938 judicio,
814 2842 874 2918 else
884 2844 1014 2938 censeo,
1026 2844 1218 2921 incumbere
1229 2847 1342 2934 vellet,
1351 2846 1388 2918 in
1402 2868 1580 2918 commune
1603 2840 1800 2928 conferrem,
1813 2844 1848 2915 dr

464 2942 1687 3135 gapsquq,srfflafffflqffin
1706 2937 1848 3136 tella

1664 3087 1677 3125 2

463 3137 544 3225 diu,
565 3162 641 3211 curn
666 3140 703 3213 in
723 3140 796 3215 illos
814 3142 1034 3235 inquirerem,
1061 3140 1217 3237 comperi.

511 3238 564 3312 ld
584 3236 835 3313 mensurandam
854 3264 963 3312 aream
983 3239 1195 3335 hyperbolae,
1214 3260 1328 3311 arcum
1350 3234 1483 3309 adhibui
1500 3259 1612 3311 curvae
1633 3232 1842 3315 mechanicam

464 3338 541 3431 quia
568 3336 677 3411 statim
707 3340 786 3412 hinc
812 3338 1021 3431 consequitur
1045 3363 1103 3433 pet
1127 3361 1224 3424 eam,
1250 3360 1316 3429 qua
1345 3353 1447 3421 utor,
1483 3332 1708 3418 methodum,
1739 3331 1843 3403 idem-

464 3454 527 3529 que
550 3433 703 3512 succesus
733 3440 771 3511 in
792 3436 892 3532 ellipfi
913 3442 947 3513 dc
972 3438 1150 3531 parabola,
1174 3438 1244 3509 irno
1259 3430 1416 3507 omnibus
1442 3432 1552 3505 curvis
1566 3428 1840 3525 deprehenditur;

459 3532 555 3627 'quod
569 3538 669 3610 etiam
688 3540 780 3612 Dno.
803 3538 1022 3613 Hucruro
1047 3533 1196 3631 placuisse
1208 3534 1309 3607 video
1333 3532 1370 3604 in
1390 3528 1595 3625 hyperbola,
1625 3533 1658 3605 8ι
1681 3544 1841 3623 tanquam
1983 3602 1985 3609 χ

462 3631 622 3727 finguhre
647 3637 805 3731 quiddam
838 3636 1026 3711 Geometrie
1055 3625 1327 3707 considerandum
1354 3624 1447 3703 suise
1472 3624 1708 3723 propofitumr
1736 3650 1755 3697 a
1788 3650 1842 3697 me

462 3754 574 3807 autem
607 3737 705 3829 longe
735 3733 948 3809 universalius
972 3732 1036 3807 fuit
1057 3731 1249 3827 prestitum.
1298 3722 1474 3802 Dimenlio
1500 3731 1594 3804 Areae
1623 3722 1842 3819 hyperbolicae

460 3857 518 3924 pet
535 3859 649 3907 arcum
676 3833 839 3929 parabolae
867 3858 967 3928 quam
988 3835 1282 3907 Hrunrrrus
1314 3828 1383 3920 jam
1415 3823 1564 3911 detexit,
1586 3839 1656 3895 tam
1686 3820 1843 3892 naturali-

461 3950 532 4017 ter,
562 3931 741 4005 secundum
767 3936 850 4006 hanc
884 3929 1102 4007 universalem
1129 3930 1221 4003 viam
1246 3950 1320 4000 non
1349 3924 1506 4019 provenit
1517 3952 1531 4006 ,-
1555 3916 1616 3995 nisu
1639 3915 1747 3990 forsan
1770 3938 1843 4030 nun

459 4031 521 4103 rite
544 4034 689 4125 genuina
714 4030 839 4106 secutur
864 4029 936 4105 sum
960 4028 1114 4124 vestigia,
1147 4027 1190 4101 ad
1218 4049 1292 4121 quae
1315 4040 1446 4112 umen,
1467 4020 1505 4096 in
1525 4018 1672 4095 ulteriori
1700 4002 1844 4109 disquiri·

460 4130 574 4218 tione,
597 4130 702 4226 probe
729 4130 898 4204 attendere
924 4128 966 4199 de
995 4127 1095 4201 crevi.
1826 4204 1828 4209 ,

507 4233 614 4305 Porro
630 4228 721 4323 quod
730 4230 849 4305 attinet
860 4228 902 4299 ad
920 4225 1080 4321 specimen
1093 4275 1105 4313 ,
1118 4222 1258 4324 quodin
1276 4228 1337 4318 fig.
1348 4242 1384 4316 4.
1399 4220 1440 4294 de
1450 4214 1614 4315 parabolae
1635 4212 1845 4313 portionibus
1858 4260 2023 4331 mm

455 4328 586 4405 interse
599 4326 806 4403 conserendis
819 4326 915 4399 dedi:
929 4349 1001 4397 non
1014 4320 1141 4418 pesum
1158 4347 1230 4397 non
1244 4320 1384 4395 cancbde
1399 4319 1506 4407 fateri,
1517 4343 1592 4407 me,
1618 4342 1696 4391 eum
1718 4310 1845 4389 incidis-
1911 4346 1964 4409 No,

453 4426 569 4503 semin
581 4428 685 4515 viam,
696 4421 997 4521 quauniversaliter
1006 4440 1113 4517 partes
1125 4445 1237 4496 curvae
1247 4422 1334 4494 inter
1342 4417 1374 4493 se
1383 4417 1514 4519 posunt
1527 4416 1720 4510 comparari,
1735 4412 1849 4485 statim
1857 4424 1995 4493 xxvffl.

451 4528 555 4621 hujus
565 4528 612 4599 tei
621 4521 860 4622 deprehendisse
872 4540 1100 4596 momentum:
1114 4518 1169 4592 sed
1181 4545 1258 4594 cum
1270 4520 1305 4593 in
1316 4518 1531 4614 applicatione
1539 4515 1664 4601 calculi,
1673 4508 1848 4587 difficultas
1860 4512 1922 4589 fig.
1934 4530 1964 4584 4·

448 4626 601 4721 surgeret
611 4651 683 4699 non
696 4626 860 4718 exiguae
879 4617 1287 4717 sinplicillimistncepiffe,
1299 4618 1441 4703 &inter
1453 4616 1514 4688 ulia
1526 4638 1684 4707 quoque,
1702 4606 1847 4688 incidisse

447 4728 489 4800 in
512 4748 649 4799 curvam
672 4720 917 4819 parabolicamr
937 4722 1050 4815 inqua
1067 4718 1228 4815 principio
1254 4716 1410 4810 quidem,
1430 4711 1461 4787 se
1489 4711 1697 4787 difficultates
1713 4736 1785 4785 non
1808 4733 1845 4784 e·

443 4826 562 4920 xiguae
594 4818 780 4897 offerebant
792 4849 805 4902 3
829 4844 903 4913 quae
922 4836 1036 4893 tamen
1059 4812 1315 4900 evanescebant,
1339 4814 1512 4909 postquam
1548 4813 1741 4887 inveneram
1769 4809 1845 4882 uni-⁴

442 4922 588 5005 versalia
611 4920 765 5018 quaedam
784 4919 1011 5011 theoreuuta,
1031 4914 1186 5100 simplicila
1216 4912 1271 4987 illa
1290 4913 1438 5012 quidem,
1452 4910 1597 4991 nemum
1621 4928 1736 4989 tamen
1758 4906 1837 5017 sati}

1228 5039 1252 5102 2
1780 5039 1843 5102 Νη
