5500 6884
509 1044 589 1139 N⁰.
620 1041 695 1135 ll.
725 1041 819 1132 DE
841 1041 1248 1134 CELERRIMO
1276 1036 1616 1136 DESCENSU.
1680 1063 1764 1162 255'

376 1221 544 1298 AH=
567 1216 682 1290 ETR
707 1241 717 1287 ι
739 1215 807 1289 AZ
831 1214 1066 1288 :muz
1097 1215 1221 1290 cLz.
1270 1219 1360 1310 Ergo
1400 1219 1546 1294 ETRt
1575 1219 1693 1312 thP
1714 1245 1759 1318 :s

377 1319 491 1396 CLZ
511 1344 521 1386 :
545 1313 582 1405 el
605 1315 688 1388 ΟΖ.
738 1313 824 1386 Sunt
843 1333 956 1382 autem
974 1313 1025 1384 hae
1049 1314 1272 1405 quantitates,
1298 1333 1337 1386 ut
1364 1331 1514 1409 tempora
1550 1319 1762 1400 descensuum

375 1441 436 1511 per
467 1417 532 1489 AB
553 1417 585 1486 dt
607 1437 667 1506 per
694 1411 797 1496 AC,
826 1409 1073 1482 demonstrante
1098 1414 1264 1485 Huueu
1277 1433 1326 1485 10
1350 1412 1388 1484 in
1419 1417 1563 1487 Tradrtu
1586 1418 1624 1489 de
1645 1421 1761 1509 pendu-

377 1515 493 1599 auus,
527 1515 560 1584 δι
596 1531 702 1604 nuper
734 1509 769 1580 id
798 1532 934 1601 quoque
967 1505 1147 1580 assumente
1187 1508 1405 1583 Illustrilsrmo
1434 1513 1761 1593 Hosetrnum

377 1614 526 1704 'sempur
542 1608 642 1703 igitur
665 1630 723 1700 per
749 1606 813 1681 AB
842 1607 948 1700 majus
969 1605 1014 1676 est
1031 1626 1180 1699 tempore
1195 1633 1253 1700 per
1274 1610 1358 1684 AC.
1393 1614 1436 1702 Q.
1462 1619 1495 1682 E.
1523 1616 1567 1683 D.

425 1729 461 1785 2.
481 1715 563 1800 Hyp.
586 1711 622 1779 Si
642 1708 870 1793 Andnz.
905 1705 1364 1783 zu=fu=cn>
1387 1708 1664 1793 DS=HM,·
1683 1736 1761 1788 cum

376 1808 477 1902 igitur
500 1807 564 1876 hoc
585 1800 658 1874 casu
674 1801 735 1876 fiat
759 1805 832 1876 AH
845 1814 882 1878 >
906 1804 970 1876 AZ
981 1853 994 1889 ,
1013 1803 1076 1874 erit
1092 1805 1170 1875 AM
1190 1803 1297 1896 major
1317 1805 1424 1877 media
1456 1808 1683 1897 arithmetica,
1705 1837 1761 1883 co-

376 1930 442 2000 que
481 1899 598 1975 fortius
625 1901 732 1972 media
759 1901 957 1992 geometrica
990 1901 1077 1970 inter
1103 1901 1174 1974 ΑΖ
1198 1903 1230 1974 dt
1251 1904 1351 1982 AH;
1375 1901 1466 1974 unde
1490 1902 1600 1978 statim
1624 1908 1661 1978 in
1686 1907 1763 2000 ipfie

376 2001 527 2116 termipic
550 1997 690 2073 habetur
714 1999 742 2072 A
755 1998 786 2073 Z
809 2025 820 2070 t
844 2001 875 2076 A
888 2001 930 2074 M
950 2011 986 2079 <
1000 1999 1079 2073 AM
1097 2024 1107 2070 t
1124 2002 1153 2073 A
1166 2000 1202 2074 H
1216 2027 1228 2082 5
1254 2023 1273 2072 e
1295 2024 1364 2096 quo
1387 2018 1504 2074 caetera
1529 2004 1762 2096 deducuntur,

375 2120 413 2176 ut
458 2125 535 2171 trus.
1635 2129 1637 2136 ·

422 2127 590 2272 (laterum
611 2195 804 2292 generaliter
823 2188 1038 2268 observabam
1049 2246 1062 2283 ,
1087 2196 1122 2267 in
1144 2193 1301 2268 omnibus
1320 2193 1481 2289 ejusmodi
1502 2199 1764 2291 quaestionibus,

375 2295 436 2374 ubi
454 2321 496 2369 ex
516 2293 657 2368 infinitis
676 2294 797 2368 Curris
818 2290 975 2366 similibus
1006 2296 1115 2386 aliqua
1140 2293 1341 2366 invenienda
1365 2294 1432 2380 est,
1458 2321 1532 2390 quae
1552 2297 1761 2374 funuionem
1846 2381 1849 2388 ,

374 2395 562 2490 quampiam
586 2393 711 2486 optime
735 2391 889 2486 praestet,
914 2392 1005 2484 quod
1034 2393 1175 2464 duarum
1204 2393 1393 2464 Curvarum
1406 2441 1419 2478 ,
1452 2419 1592 2485 quarum
1610 2395 1763 2470 intersec-

375 2497 470 2572 tione
496 2488 671 2584 quaelitum
699 2491 960 2576 determinatur,
983 2491 1084 2562 altera
1110 2488 1235 2584 semper
1254 2488 1351 2582 poffit
1376 2489 1437 2563 else
1455 2498 1572 2580 Linea,
1589 2519 1689 2587 quam
1703 2521 1766 2568 vo-

376 2615 436 2680 co,
463 2592 659 2676 tardiones,
682 2590 831 2680 adeoque
852 2613 944 2661 nunc
976 2589 1190 2673 mechanica,
1212 2613 1304 2660 nunc
1323 2587 1532 2680 algebra‘r‘ca,
1565 2592 1646 2664 dum
1666 2595 1769 2666 altera

376 2708 535 2785 perpetuo
570 2687 617 2759 esl
644 2685 856 2780 algebra'r'car
882 2687 973 2780 quod
999 2688 1095 2779 hujus
1122 2687 1210 2758 vices
1235 2684 1301 2779 ipsa
1333 2684 1459 2778 semper
1485 2689 1587 2761 Recta
1617 2691 1771 2784 praestare

256 2855 266 2866 ,
376 2787 494 2884 poffit3
520 2811 589 2880 quo
608 2783 681 2858 casu
703 2785 831 2872 altera,
862 2803 901 2856 ut
926 2803 963 2858 ut
987 2786 1181 2878 plerumque
1201 2809 1221 2856 a
1246 2791 1341 2856 linea
1353 2784 1526 2875 fiendionr'r
1549 2786 1697 2874 diversa,
1724 2786 1770 2862 ab

376 2890 447 2982 ejus
469 2904 581 2958 tamen
599 2882 814 2975 descriptione
843 2883 1036 2975 dependet:
1065 2882 1156 2976 quod
1177 2879 1284 2953 ambre
1313 2883 1454 2973 denique
1476 2885 1560 2956 datae
1581 2887 1710 2957 cuidam
1746 2886 1768 2958 ὲ

375 2986 498 3060 Curris
524 2981 682 3055 similibus
700 2978 743 3053 fic
762 2980 908 3074 adaptari
936 2997 1087 3073 queant,
1116 2998 1155 3052 ut
1181 3005 1295 3052 earum
1321 2980 1504 3068 ordinatae,
1543 2983 1597 3056 vel
1619 2985 1706 3055 inter
1732 2979 1782 3064 so¹

376 3081 443 3156 fint
468 3083 654 3177 parallelae,
678 3083 732 3152 vel
753 3080 850 3171 hujus
871 3077 955 3150 fiant
979 3095 1172 3174 tangentes,
1195 3097 1255 3149 aut
1277 3077 1583 3174 perpendiculares,
1618 3100 1676 3153 aut
1698 3079 1765 3154 aliu

374 3184 489 3274 aliquo
512 3181 615 3252 modo
636 3179 680 3250 illi
701 3179 915 3271 applicentur.
965 3176 1125 3266 Exempla
1146 3173 1255 3246 sunto.

425 3282 452 3352 1.
482 3287 530 3348 Ex
560 3283 690 3373 infinitis
715 3277 849 3347 circulis
885 3295 939 3364 per
969 3279 1003 3345 A
1035 3272 1282 3358 transeuntibus,
1315 3269 1362 3359 Ed
1391 3293 1496 3348 centro
1525 3273 1705 3348 habentibus
1733 3281 1807 3367 inT
1821 3301 1890 3372 pm
2032 3280 2036 3288 '

374 3378 564 3454 loiaonrau·
581 3381 673 3461 AB,
705 3376 793 3447 illum
819 3379 981 3458 irrvenr‘re,
1002 3393 1057 3464 per
1079 3396 1169 3465 quem
1192 3369 1397 3469 descmfirsfit
1411 3377 1586 3448 celerrimus
1605 3401 1645 3448 ex
1655 3375 1867 3466 pundoXll.

374 3483 409 3550 A
429 3477 472 3548 ad
485 3475 595 3547 duum
609 3473 863 3565 perpendiculum.
1777 3469 1839 3546 fig.
1852 3475 1886 3534 a:
1937 3509 1941 3524 .

425 3577 553 3650 cons
568 3593 637 3646 Tu.
672 3574 780 3644 Datur
809 3567 848 3642 lit
872 3567 1090 3640 semicirculus
1120 3567 1227 3656 ΛΩΒ
1253 3565 1375 3640 divisus
1400 3570 1435 3642 in
1459 3569 1544 3644 duos
1571 3571 1767 3666 quadranter
1850 3571 1851 3581 ’

375 3674 455 3748 AN
467 3676 496 3745 C
508 3723 519 3758 ,
536 3674 562 3744 B
576 3675 613 3745 N
624 3673 677 3756 C,
703 3670 739 3740 in
755 3669 847 3761 cujus
861 3664 1125 3738 circumferentia
1145 3664 1253 3737 sumto
1264 3665 1438 3740 indefinite
1451 3673 1577 3761 pundlo
1591 3673 1651 3758 Q,
1665 3693 1765 3762 agan.

375 3789 433 3842 tur
455 3775 552 3843 redae
580 3769 678 3856 ΩΡ,
699 3769 793 3854 ΩΒ,
823 3789 962 3858 quarum
988 3765 1042 3834 illa
1070 3765 1220 3856 parallelo
1243 3763 1289 3834 est
1316 3764 1411 3837 radio
1440 3769 1477 3838 N
1488 3769 1540 3854 C,
1564 3768 1634 3838 haec
1659 3765 1766 3859 ipsum

374 3865 461 3940 secat
480 3871 517 3941 in
539 3869 596 3940 T:
618 3871 649 3938 dr
670 3863 730 3937 frat
765 3866 866 3936 Linea
888 3863 1083 3935 functionis
1107 3863 1244 3947 ASX,
1265 3885 1383 3954 nempe
1406 3863 1502 3950 talis,
1530 3881 1569 3936 ut
1596 3865 1691 3955 hujus
1715 3885 1768 3932 or·

375 3967 490 4039 dinata
517 3968 575 4040 PS
601 3984 729 4054 tempus
752 3959 919 4033 descensus
939 3985 998 4054 per
1028 3961 1117 4046 ΑΩ
1137 3956 1365 4052 repraesentet,
1393 3961 1457 4031 hoc
1491 3959 1629 4031 modo:
1661 3961 1766 4050 Super

375 4065 539 4136 diametro
561 4063 685 4136 Circuli
710 4063 738 4133 A
752 4062 777 4131 B
799 4061 943 4154 erigatur
967 4059 1132 4149 quadrans
1153 4081 1265 4127 curvae
1290 4054 1499 4128 Lemniscatae
1520 4059 1548 4130 A
1561 4058 1593 4130 R
1606 4059 1631 4128 B
1654 4053 1766 4142 (Vid.

374 4162 560 4252 Auanps.
590 4171 710 4250 1694,
730 4185 761 4252 a·
785 4177 879 4249 337,
909 4161 940 4229 ἃ·
963 4169 1079 4244 1695,
1110 4182 1141 4248 a·
1162 4173 1242 4247 543·
1269 4152 1319 4244 l)
1351 4155 1443 4247 cnjus
1463 4154 1570 4226 nodus
1591 4157 1640 4242 A,
1661 4177 1763 4246 equo

374 4259 590 4334 subtendatur
611 4280 722 4329 curvae
743 4259 830 4327 reeta
852 4259 878 4328 A
891 4257 921 4328 R
944 4256 1052 4324 media
1078 4252 1332 4346 proportionalis
1355 4252 1442 4324 inter
1463 4253 1526 4324 AB
1553 4255 1584 4326 u
1606 4271 1629 4330 2
1652 4253 1677 4325 P
1690 4254 1762 4340 Ω,

375 4384 414 4431 ac
434 4357 580 4430 sumatur
608 4357 632 4428 Ρ
646 4357 667 4427 8
686 4377 754 4414 =
768 4353 856 4424 arcui
886 4355 913 4422 A
930 4352 962 4424 R
986 4375 1046 4442 pro
1068 4349 1197 4422 finillro
1210 4400 1223 4435 ,
1255 4367 1312 4422 aut
1332 4351 1402 4424 AR
1415 4353 1439 4422 B
1452 4355 1500 4436 -Ι-
1513 4351 1576 4424 BR
1600 4375 1659 4443 pro
1683 4349 1762 4420 dcx.

375 4475 432 4530 tro
460 4455 585 4530 Circuli
608 4453 800 4546 quadrante.
852 4452 933 4537 Qro
959 4446 1071 4534 sado,
1094 4446 1154 4519 fiat
1179 4450 1293 4520 Curva
1325 4447 1506 4540 algebra'r'ca
1537 4449 1673 4530 AVX‚
1705 4469 1763 4518 cu·

375 4556 428 4650 jus
469 4555 627 4648 applicata
663 4552 738 4623 l’V
768 4566 881 4642 quarta
917 4542 958 4615 fit
988 4546 1240 4637 proportionalis
1263 4545 1304 4617 ad
1332 4549 1435 4617 rectas
1457 4547 1551 4631 AR,
1587 4545 1658 4618 AB
1679 4591 1691 4626 ,
1728 4545 1763 4616 ἃ

376 4673 401 4731 2
414 4655 452 4727 N
462 4655 495 4726 T
508 4681 518 4732 t
541 4653 610 4722 lraec
636 4649 778 4741 priorem
799 4640 1004 4718 intersecabit
1026 4645 1061 4714 in
1085 4647 1210 4736 pundo
1228 4644 1338 4734 aliquo
1361 4644 1421 4728 X,
1455 4643 1543 4712 unde
1573 4635 1702 4713 demissa
1727 4639 1765 4712 ita

375 4753 445 4829 AB
477 4747 736 4844 perpendiculari
754 4747 863 4829 XM,
895 4743 957 4814 erit
987 4760 1023 4812 ut
1043 4743 1122 4814 AM
1155 4741 1196 4812 ad
1221 4743 1302 4824 AB,
1338 4734 1382 4810 sic
1411 4737 1563 4812 distantia
1593 4736 1765 4832 perpendi·

376 4850 442 4921 culi
471 4849 636 4940 apundlo
661 4843 749 4914 unde
776 4867 875 4935 grave
898 4841 1094 4924 dimittitur,
1124 4840 1165 4908 ad
1186 4840 1382 4909 diametrum
1412 4837 1524 4908 circuli
1548 4835 1684 4929 quaesiti.

427 4947 483 5018 11.
506 4945 635 5032 Pofitr's,
661 4967 726 5033 que
747 4947 851 5028 prius,
877 4945 1017 5010 invenire
1039 4938 1199 5008 Circulum
1211 4987 1222 5020 ,
1259 4936 1347 5022 cujus
1369 4941 1453 5008 inter
1483 4937 1631 5028 pandum
1658 4939 1693 5008 A
1713 4929 1760 5024 Ed
1775 4962 1922 5041 emm·

375 5043 487 5122 datam
509 5041 754 5133 perpendiculum
773 5046 955 5128 interceptus
979 5061 1068 5108 arcus
1081 5035 1125 5123 fit
1147 5041 1302 5107 minimus.
1672 5035 1674 5040 ’
1789 5051 1852 5129 fig,
1867 5068 1898 5115 2,

425 5143 639 5217 Cousru.
677 5135 750 5211 Fiat
776 5137 879 5209 Linea
914 5136 1131 5224 Funuionis,
1169 5157 1290 5233 nempe
1318 5133 1423 5215 Linea
1450 5134 1591 5216 sinuum
1624 5131 1760 5216 ASX,

463 5333 485 5410 †
524 5331 654 5400 Haedi
674 5329 767 5404 Curva
784 5324 1052 5406 AMONA,N'.
1073 5327 1160 5397 xut.
1559 5341 1561 5346 '
1653 5224 1760 5316 sum
