5500 6884
316 768 326 783 ’
403 776 481 869 nc.
494 768 640 865 tvm.
655 704 917 865 meloto.
946 760 1269 885 murmura
1289 773 1641 899 summm
1671 732 1779 903 323'

357 926 403 1022 sae
422 936 506 1025 sunt
524 937 1118 1043 lites,Tonnrcrrrrum
1137 944 1237 1033 inter
1255 944 1755 1057 prasertimudsoorm

358 1078 652 1161 VALLIUM,
683 1062 751 1173 qui
781 1088 857 1172 prat
889 1060 973 1142 aliis
1005 1061 1210 1171 primatum
1236 1058 1446 1179 Cycloidis
1473 1074 1752 1183 proprietatum

355 1178 469 1285 primi
498 1179 712 1261 inventoris
739 1178 896 1260 titulum
921 1172 1163 1278 ambientes,
1195 1184 1236 1263 δι
1261 1210 1362 1295 agre
1394 1188 1489 1271 alter
1517 1188 1679 1275 alterum
1710 1196 1752 1283 in

357 1318 505 1405 partem
542 1295 704 1379 honoris
743 1292 1025 1395 admittentes,
1060 1288 1237 1382 miserum
1266 1300 1308 1385 in
1343 1300 1508 1387 modum
1545 1299 1584 1389 se
1613 1334 1776 1402 mutuo,

356 1407 641 1517 prosciderunt,
664 1436 782 1523 atque
805 1409 991 1511 nefandi,
1016 1413 1117 1525 proh
1141 1414 1293 1525 pudor!
1321 1421 1439 1533 plagii
1465 1418 1750 1517 insunularuntt
1853 1472 1859 1492 =

355 1524 476 1641 idque
501 1558 582 1613 non
605 1529 745 1612 minori
771 1530 1041 1627 vehementia,
1067 1558 1186 1645 quam
1213 1531 1240 1615 fi
1262 1562 1335 1645 pro
1356 1538 1479 1647 patria
1500 1539 1541 1623 in
1569 1533 1755 1627 discrimi-

354 1672 406 1728 ne
428 1640 600 1731 versante
619 1642 856 1731 militassent:
883 1669 927 1730 ut
946 1646 1082 1732 videre
1103 1650 1158 1731 ess
1179 1678 1228 1734 ex
1247 1652 1402 1735 eristicis
1430 1654 1520 1738 hinc
1548 1654 1642 1739 inde
1664 1658 1750 1743 edi-

353 1764 436 1862 tis,
464 1791 591 1875 exque
621 1764 814 1876 praelonga
842 1760 1254 1853 RoBerALLu
1286 1760 1459 1879 Epistola
1485 1773 1753 1882 expostulato-

353 1878 409 1960 ria
436 1880 487 1963 ad
516 1876 1015 1979 Tonnrcrrrrum,
1053 1906 1171 1992 prout
1202 1883 1268 1966 illa
1299 1884 1462 1971 habent
1495 1891 1534 1969 in
1571 1886 1750 1999 Opensus

353 1988 638 2081 Mathematicis
662 1997 709 2091 ά
743 1994 927 2110 Pbystcis.
958 1994 1132 2107 feristis,
1168 2018 1271 2107 1693
1304 2000 1505 2115 impressor
1533 2004 1574 2085 in
1606 2009 1751 2118 quibus

353 2116 601 2199 continentur
630 2114 789 2201 inventa
826 2112 1107 2197 Robervalliana
1139 2174 1154 2215 ,
1190 2119 1379 2205 nonnulla
1410 2120 1498 2200 satis
1513 2148 1517 2159 ·
1534 2120 1749 2232 ingeniosa

352 2224 492 2317 Unum
512 2254 643 2318 tamen
667 2230 880 2316 alterumve
920 2229 1182 2343 deprehendi,
1203 2232 1273 2317 ubi
1312 2229 1475 2319 Author
1499 2232 1608 2320 foede
1635 2266 1748 2350 para-

351 2346 519 2547 logiffipstt
547 2372 591 2436 ut
619 2350 733 2435 mirer
757 2344 961 2439 Editorem
985 2376 1133 2441 errores
1155 2376 1236 2435 nou
1264 2347 1566 2439 animadvertisse
1586 2357 1629 2437 δι
1656 2351 1745 2471 sup·

377 2493 418 2549 re
486 2496 521 2550 e.
1056 2538 1064 2567 ,

350 2490 377 2577 p
408 2578 514 2668 Hac
539 2608 635 2669 vero
664 2580 974 2668 velitationem
1007 2580 1275 2697 praeparabat,
1304 2588 1345 2669 dt
1377 2583 1483 2699 quasi
1507 2586 1745 2699 praeludebat

317 2788 319 2793 ,
349 2698 469 2811 longe
489 2700 625 2785 acriori
644 2726 781 2814 pugnae
799 2728 880 2785 non
902 2699 971 2788 diu
1000 2702 1087 2811 post
1116 2694 1302 2800 suborta,
1332 2730 1382 2787 ex
1412 2703 1614 2787 occasione
1641 2734 1744 2816 quo-

348 2814 523 2899 rumdam
549 2816 832 2928 problematum
850 2812 959 2929 super
985 2810 1210 2929 Cycloide,
1243 2812 1745 2921 aDETroNvuw,

348 2924 414 3014 seu
439 2928 774 3033 PulsCAMO,
806 2960 892 3017 cum
922 2960 1075 3017 annexo
1105 2935 1263 3045 praemio
1292 2934 1602 3045 propositorumr
1633 2939 1744 3043 cujus

347 3044 518 3133 fabulam
547 3052 773 3136 totocoelo
803 3046 1077 3133 notissimamsr
1106 3052 1192 3162 quis
1221 3052 1397 3161 ignorat,
1436 3052 1538 3133 illius
1577 3045 1742 3137 Tmen-

346 3188 429 3249 tum
460 3166 586 3280 legat,
607 3192 650 3253 ut
678 3174 721 3251 δι
749 3164 1033 3255 WAersn
1057 3164 1301 3273 Praefirtionem
1321 3169 1376 3247 ad
1402 3164 1614 3249 Trachiam
1631 3162 1743 3253 suum

345 3284 389 3363 de
415 3281 600 3397 Cycloidn
636 3292 677 3368 δι
706 3312 791 3397 quae
823 3282 875 3365 ad
909 3279 1380 3390 ΗυῦΕΝῐυΜχὴαε
1410 3282 1462 3367 de
1490 3311 1559 3381 te,
1589 3284 1744 3395 prolixe

345 3392 498 3511 scripsit.
557 3394 699 3486 Ere-eo
721 3422 902 3513 tempore
931 3399 1056 3483 nullus
1086 3400 1235 3501 extitit,
1266 3400 1334 3511 qui
1366 3400 1432 3483 vel
1463 3398 1657 3483 tantillum
1681 3394 1745 3485 su-

345 3542 413 3626 pra
436 3512 807 3603 Mathematicorum
832 3516 969 3631 vulgus
998 3514 1066 3599 srbi
1091 3508 1219 3629 sapere
1243 3511 1343 3599 visus
1362 3516 1440 3614 est,
1472 3518 1541 3630 qui
1566 3512 1617 3599 ad
1642 3517 1746 3636 hanc

345 3632 490 3744 ingenii
512 3658 643 3717 cotem
667 3630 749 3719 suas
771 3635 873 3717 vires
902 3662 1060 3733 acuere,
1087 3658 1205 3745 atque
1231 3634 1328 3717 novi
1357 3631 1455 3745 quid
1479 3632 1621 3716 exinde
1647 3662 1746 3744 pro-

346 3747 487 3833 ducere
517 3778 597 3835 non
619 3753 847 3837 tentaverit:
880 3750 1033 3834 interim
1059 3751 1172 3861 primi
1198 3778 1360 3861 quoque
1385 3746 1532 3832 ordinis
1562 3746 1740 3833 Geome-

346 3885 411 3949 trae
440 3895 521 3951 non
551 3869 675 3952 minus
703 3867 833 3956 assidui
861 3861 1008 3979 semper
1034 3864 1168 3967 suere,
1197 3868 1241 3951 in
1269 3860 1543 3979 perscrutandis
1567 3891 1653 3977 quae
1671 3865 1739 3953 alii

345 3980 485 4066 inradia
514 3987 777 4099 imperviaque
806 3980 1050 4098 reliquissent.

276 4174 282 4189 .
404 4094 539 4201 Hinc,
571 4125 704 4214 prater
733 4100 798 4183 illa
827 4104 998 4215 vulgaria
1027 4098 1175 4186 dudum
1201 4098 1545 4213 cognita„qutlia
1573 4091 1658 4183 sunt
1677 4094 1739 4183 di-

345 4216 491 4301 rnensro
529 4220 638 4304 lineae
679 4212 918 4331 Cycloidis,
961 4220 1200 4331 comparatio
1234 4214 1342 4331 spatii
1372 4244 1460 4301 cum
1488 4218 1659 4313 circulo,
1695 4222 1739 4299 dt

344 4329 555 4419 solidorum
593 4336 788 4419 variorum
823 4361 872 4417 ex
905 4334 1156 4420 convetfione
1193 4360 1369 4420 ortorum
1402 4361 1493 4417 cum
1523 4330 1741 4444 cylindris,

341 4476 564 4537 centrorum
597 4444 791 4566 gravitatis
820 4449 1127 4554 determinatio,
1158 4458 1234 4538 dcc.
1262 4454 1335 4535 alia
1362 4451 1518 4557 majoris
1547 4450 1742 4534 momenti

343 4575 386 4653 ἃ
416 4568 604 4683 indaginis
634 4568 863 4654 abstrusrotis
889 4566 1139 4681 possrdemusr
1173 4570 1270 4655 inter
1296 4594 1383 4681 quae
1406 4567 1546 4649 merito
1569 4564 1739 4649 referen-

345 4685 418 4785 da,
453 4716 536 4801 quae
570 4686 877 4801 incomparabilis
906 4682 1214 4775 HUGENIUs
1246 4685 1296 4769 de
1326 4682 1530 4767 identitate
1557 4684 1739 4767 evoluta-

338 4830 456 4905 rum,
481 4802 610 4921 deque
639 4796 976 4917 uutoehonismo,
1007 4815 1061 4909 [a
1087 4822 1150 5013 xpe
1180 4832 1261 4890 non
1296 4802 1350 4889 ita
1386 4796 1538 4917 pridem
1563 4797 1736 4889 brevissi·

962 4974 965 4981 ⁴
1134 4950 1154 5009 S
1213 4952 1239 5023 λ
1668 4940 1737 5007 mfl
