5500 6884
1004 803 1089 905 εει.
1288 792 1369 898 uo.
1400 793 1533 894 1111.
1572 789 2151 894 orarunt-Atro·
2199 725 2230 804 ⁷
2328 783 2337 794 ·

894 968 900 986 ’
1000 973 1209 1068 filamentis
1230 957 1490 1081 divetfimode
1511 973 1693 1059 intricatis
1722 979 1763 1056 ἃ
1793 973 2035 1075 intertextis,
2061 971 2255 1064 interdum
2273 971 2410 1088 paral-

873 1099 890 1126 ²
1005 1096 1113 1195 ielis,
1137 1117 1182 1178 ut
1210 1095 1250 1178 in
1276 1087 1475 1193 musculis,
1494 1093 1649 1192 nervis,
1678 1087 1927 1182 tendinibus't
1958 1092 2052 1205 quin
2072 1097 2112 1174 δι
2132 1085 2210 1204 ipsa
2228 1090 2308 1178 uffa
2336 1095 2412 1179 tali
2547 1111 2548 1120 ‘

1005 1223 1158 1298 textura
1185 1209 1470 1298 iumentorum
1499 1205 1691 1324 gaudent,
1723 1207 1834 1320 quod
1845 1207 1913 1292 vel
1935 1235 1983 1293 ert
1999 1238 2057 1294 eo
2074 1207 2316 1300 manifestum
2336 1213 2412 1310 est,
2547 1245 2548 1268 Ν

1007 1333 1119 1444 quod
1149 1325 1227 1414 olle
1256 1357 1338 1413 uno
1366 1353 1483 1442 quam
1515 1328 1595 1411 alio
1633 1324 1757 1409 modo
1789 1326 1908 1439 longe
1936 1323 2089 1410 facilius,
2111 1325 2332 1427 findantur,
2369 1335 2413 1411 δι

1007 1451 1087 1536 filla
1109 1447 1257 1531 facilius
1279 1440 1493 1530 coalescant
1515 1469 1631 1557 quant
1652 1439 1790 1529 naua:
1817 1437 1864 1525 ln
1889 1437 2010 1528 fiffura
2060 1445 2176 1554 uippe
2201 1443 2308 1528 fibrae
2323 1471 2412 1528 rna·

1008 1590 1104 1655 nent
1132 1566 1309 1674 integrae,
1340 1591 1425 1676 quae
1449 1565 1489 1646 in
1511 1559 1679 1645 stadium·
1700 1558 1983 1643 dilacerantur„
2028 1473 2163 1669 &rod
2190 1564 2348 1674 egregie
2363 1589 2409 1646 e·

1010 1687 1106 1768 tiam
1140 1675 1386 1764 observatum
1427 1678 1585 1791 reperio
1625 1677 1666 1758 in
1684 1669 1906 1764 Fouctl
1942 1677 2047 1760 notis
2076 1675 2127 1759 ad
2157 1672 2436 1765 Cultus!

1010 1799 1138 1886 Trall.
1169 1799 1212 1878 de
1241 1793 1412 1880 Homine.
1471 1787 1581 1877 Cum
1618 1793 1734 1905 igitur
1772 1793 1915 1876 atterite
1944 1794 1985 1876 in
2019 1820 2147 1877 ramos
2182 1795 2410 1880 innumeros

1011 1917 1290 2010 dimicentur,
1320 1918 1361 1996 δι
1384 1912 1524 1994 horum
1556 1909 1689 2021 srnguli
1714 1910 1755 1992 in
1784 1905 1932 1992 infinita
1956 1901 2044 1991 vasa
2069 1909 2286 2020 capillatia,
2308 1937 2409 2024 ⁴quat

1008 2056 1139 2120 totum
1157 2027 1332 2112 habitum
1359 2029 1531 2138 corporis
1555 2019 1764 2110 secundum
1794 2051 1931 2109 omnes
1963 2023 2219 2110 dimenfiones
2249 2053 2409 2137 perrep-

1011 2176 1121 2244 tant,·
1160 2168 1351 2255 conceptu
1386 2142 1498 2228 facile
1523 2145 1600 2240 cst,
1631 2139 1683 2224 srn
1809 2139 2004 2224 filatnenta
2028 2143 2083 2226 ito
2114 2140 2277 2227 insistere
2305 2167 2406 2229 arte·

1010 2271 1141 2369 tiolis,
1169 2288 1223 2348 ex
1254 2261 1397 2373 quibus
1426 2254 1641 2344 subtiliores
1689 2257 1863 2370 anguinis
1891 2257 2109 2343 moleculat-
2133 2253 2323 2362 exsudare,
2346 2259 2408 2342 di·

1008 2383 1160 2484 nimus‚
1192 2399 1235 2459 ut
1260 2377 1417 2462 illorum
1441 2373 1589 2460 radices
1620 2372 1754 2458 harum
1779 2375 1885 2485 potis
1910 2368 2191 2486 respondeantt
2222 2375 2409 2487 quaehloet

976 2593 981 2605 ,
1010 2523 1106 2615 ergo
1127 2493 1427 2593 moleculatum,
1450 2519 1518 2606 per
1540 2491 1803 2581 arteriolarum
1815 2491 1962 2575 tunicas
1986 2486 2248 2603 ert-pulsarum,
2265 2492 2410 2603 impin·

1010 2616 1069 2734 git
1103 2603 1261 2700 occursu
1291 2604 1359 2694 suo
1395 2611 1440 2695 itt
1466 2607 1637 2695 radicem
1662 2605 1872 2706 filamenti‚
1903 2629 2021 2719 atque
2057 2606 2173 2690 stibi
2204 2605 2409 2692 foveolam

1012 2731 1177 2821 offendit
1199 2722 1329 2836 figurae
1356 2730 1398 2810 δι
1416 2725 1683 2838 'magnitudini
1703 2719 1775 2808 suae
1793 2750 2027 2835 congruam,
2053 2724 2094 2806 in
2115 2722 2220 2808 illam
2240 2723 2405 2808 intrudi·

989 2843 1096 2950 ¹tur,
1132 2854 1172 2930 &
1201 2843 1257 2926 ita
1284 2841 1463 2926 infixa&
1487 2838 1626 2926 intrusa
1651 2840 1850 2926 filamento
1873 2841 1931 2923 isti
1960 2841 2245 2952 appropriatum
2273 2829 2301 2924 st
2331 2867 2406 2926 ve·

1009 2995 1056 3053 ro
1079 2963 1285 3048 stationem
1310 2960 1455 3043 nullam
1481 2961 1659 3062 invenit,
1684 2958 1739 3042 ob
1761 2955 2053 3042 incommodam
2073 2983 2189 3069 quam
2214 2957 2333 3043 habet
2360 2955 2405 3041 fi-

1009 3099 1166 3200 guram,
1195 3076 1264 3164 vel
1292 3076 1347 3162 ob
1374 3077 1551 3188 injustam
1573 3075 1901 3192 magnitudinem,
1935 3101 1958 3157 a
1980 3068 2271 3160 succedentibus
2289 3076 2408 3186 pani.
2547 3141 2548 3172 ff

1012 3201 1107 3311 tulis
1138 3195 1264 3282 statim
1297 3217 1521 3281 removetur
1558 3199 1598 3280 δι
1637 3193 1852 3308 praeterlalli
1888 3193 2041 3305 cogitur
2077 3191 2119 3273 in
2166 3193 2410 3276 interstitium

1012 3311 1180 3422 duorum
1207 3312 1475 3418 proximorum
1496 3310 1803 3406 filamentorunt,
1829 3311 1935 3414 cujus
1960 3307 2244 3420 longitudinem
2267 3307 2405 3393 decur-

1011 3425 1161 3524 rendo3
1180 3424 1250 3510 ubi
1268 3422 1319 3508 ad
1341 3428 1624 3510 extremitatem
1644 3427 1817 3522 venerit,
1848 3425 1914 3508 vel
1935 3451 2003 3536 per
2024 3443 2143 3537 poros
2166 3427 2263 3508 cutis
2283 3427 2321 3506 in
2341 3430 2405 3512 ae·

1013 3573 1095 3630 tem
1125 3541 1280 3636 avolat,
1311 3536 1353 3622 in
1382 3567 1464 3651 quo
1493 3541 1647 3666 proprie
1687 3538 1853 3626 consistit
1878 3532 2131 3652 trantspiratio
2163 3536 2404 3642 insensibilis,
2547 3521 2548 3614 Ϊ

1012 3662 1079 3746 iel
1107 3687 1176 3772 per
1205 3647 1293 3741 vasa
1331 3655 1564 3770 lymphatica
1576 3721 1596 3750 ,,
1630 3685 1717 3772 quat
1745 3657 1789 3743 in
1816 3685 1906 3744 eum
1934 3656 2058 3742 finem·
2080 3651 2168 3742 vasa
2198 3653 2404 3771 sangtnfen

1012 3779 1069 3862 ibi
1098 3774 1274 3861 comitari
1302 3771 1467 3858 arbitror
1495 3795 1539 3858 ut
1567 3769 1796 3888 superfluum
1822 3801 1845 3858 a
1876 3776 2087 3860 nutritione
2115 3775 2317 3862 humorem
2346 3804 2405 3860 re·
2547 3781 2548 3790 '

1012 3888 1178 4008 c‘ipiant,
1209 3885 1278 3977 sub
1301 3887 1425 3980 forna
1448 3893 1612 4006 lympha
1634 3893 1837 3976 revertitur
1850 3895 1891 3975 ἀ
1913 3893 2090 4003 plurimis,
2109 3892 2150 3974 in
2176 3893 2294 3992 locis,
2320 3919 2405 4006 par-

1012 4013 1085 4125 tim
1116 4037 1204 4095 curn
1232 4009 1373 4121 chylo,
1387 4121 1388 4125 Ν
1404 4011 1549 4122 partim⁴
1572 4007 1797 4094 immediate
1827 4035 1914 4094 cum
1943 4001 2122 4122 sanguine
2144 4003 2290 4094 'iterum
2318 4003 2406 4094 mil·

1014 4150 1153 4216 teturt
1178 4155 1269 4238 quo·
1291 4124 1356 4224 fit,
1390 4150 1434 4209 ut
1454 4127 1526 4211 illae
1552 4125 1769 4240 particulae,
1801 4153 1886 4240 quae
1905 4127 2132 4240 prinavice
2151 4155 2192 4211 re
2214 4124 2410 4212 infenain
2547 4145 2548 4156 ³

1012 4227 1240 4356 sanguineo.
1263 4267 1441 4327 remeate·
1463 4247 1602 4328 coaelae
1626 4240 1759 4342 litere,
1792 4239 1913 4328 forsan
1944 4239 2112 4329 secunda
2139 4244 2300 4328 tertiave
2330 4247 2405 4328 cir·
2547 4263 2548 4280 ¹

1014 4360 1217 4447 culatione·
1239 4359 1434 4470 aptiorem
1457 4359 1617 4472 figuram
1646 4357 1818 4471 adepta,
1849 4363 1915 4444 vel
1943 4363 2021 4466 jam
2042 4356 2197 4444 diversrs
2221 4387 2243 4444 a
2266 4361 2411 4470 priori·

1013 4477 1087 4563 but
1125 4475 1409 4563 filamentorum
1451 4479 1595 4589 poculis
1624 4480 1816 4589 impacta,
1861 4475 1946 4589 i'pfis
1974 4475 2092 4560 facile
2125 4470 2404 4570 adhareseantt

1012 4613 1131 4702 atque
1160 4592 1209 4676 stc
1222 4619 1291 4704 per
1303 4586 1541 4681 succeffivan
1559 4592 1664 4676 illam
1678 4595 1975 4705 applicationem
1988 4591 2256 4704 particularum
2275 4617 2406 4680 totum

1013 4709 1232 4826 nutritionio
1253 4711 1454 4822 negotium
1477 4704 1710 4801 absolviturt
1744 4711 1812 4794 ubi
1841 4708 2018 4792 videmus
2039 4708 2172 4822 quod,
2204 4739 2277 4821 pro
2298 4713 2407 4798 varia

1007 4816 1098 4936 tum
1126 4823 1391 4931 particularum
1422 4827 1660 4912 nutritiorum
1688 4851 1772 4912 tum
1801 4829 1996 4910 meatuu'm
2024 4825 2156 4939 -figura
2186 4833 2227 4912 dt
2256 4829 2407 4940 magni·

1012 4931 1181 5076 ‚ordinm
1205 4936 1256 5026 ab
1285 4936 1419 5030 iisdem
1448 4946 1638 5036 alimentis
1669 4947 1782 5036 varie
1813 4943 1984 5062 corporis
2012 4967 2141 5061 portes
2168 4947 2304 5034 nutriri
2332 4941 2409 5030 de·

2255 5062 2414 5164 beante
2547 5111 2548 5140 r
