5500 6884
975 812 1350 931 [1231.

398 1044 1785 1199 mmmmmnmmmummmm
1924 973 1958 1006 ”

966 1297 1046 1397 N⁰.
1106 1304 1223 1399 XX.
1541 1307 1545 1314 ‘
2027 1334 2032 1345 ·

523 1510 1652 1636 Moousoauenatm

394 1700 624 1823 qutrueadt·
651 1742 770 1797 mnes
797 1720 1005 1827 aquationes
1034 1710 1282 1825 defferentitles
1302 1724 1418 1826 primi
1437 1720 1592 1827 gradus.
1635 1722 1784 1807 Mare

714 1829 1018 1943 Jouaunu
1075 1826 1456 1923 Bruuouttu

391 2044 707 2269 UNtcuM'
736 2060 965 2177 potissmum
987 2054 1063 2163 est,
1087 2062 1197 2177 quod
1218 2062 1344 2151 adhuc
1369 2062 1601 2154 desideratur
1617 2065 1669 2155 ad
1690 2097 1778 2183 per-
1832 2105 1909 2174 aa.

459 2288 462 2293 Ι
505 2180 711 2265 sitiendam
730 2180 958 2266 methodum
977 2183 1215 2293 tangentium
1233 2176 1441 2282 inversam,
1458 2180 1644 2300 separatio
1665 2204 1775 2275 nem·
1794 2185 1962 2275 Mlius

388 2323 435 2409 pe
467 2300 725 2411 quantitatum
752 2298 1128 2383 indeterminatam
1156 2301 1196 2383 in
1223 2299 1505 2413 aquationibus
1539 2301 1773 2389 differentia-
1793 2270 1962 2435 ffi’m

388 2414 483 2497 sibus
516 2415 630 2526 primi
664 2414 833 2527 gradusr
872 2443 943 2527 pro
976 2420 1053 2529 qu'a
1088 2416 1268 2527 plurimas
1306 2418 1455 2531 regulas
1483 2411 1663 2531 speciales
1693 2424 1773 2527 jam
1792 2445 1861 2507 trt·

389 2530 529 2615 dudum
549 2534 703 2623 invenit
726 2533 914 2646 generalis
937 2555 1088 2631 autem,
1119 2559 1327 2647 perquam
1355 2534 1396 2617 in
1424 2535 1561 2647 quavis
1585 2538 1775 2650 aquatio·

387 2676 431 2732 ne
462 2646 705 2733 differentiali
730 2648 924 2763 propofita
949 2646 1134 2763 procedat
1153 2644 1340 2763 separatio
1369 2648 1774 2757 indeterminatamm,

386 2766 447 2858 trix
472 2759 666 2877 speranda
699 2768 765 2850 est.
829 2763 961 2877 Qrod
1000 2792 1089 2853 cum
1115 2768 1194 2875 jam
1222 2767 1272 2851 ab
1301 2768 1435 2880 aliquo
1471 2792 1648 2883 ternpore
1683 2800 1773 2883 per·

385 2880 611 2993 pendissem',
636 2892 807 2971 mentem
832 2879 967 2983 subiit,
1000 2910 1049 2967 an
1077 2912 1158 2967 non
1188 2882 1361 2997 possibile
1389 2880 1481 2970 esset
1510 2888 1770 2997 aquationem

384 2996 671 3084 differentialem
699 3002 939 3099 construere,
967 3028 1048 3083 non
1080 2998 1254 3085 adhibita
1276 2995 1513 3113 separatione
1539 3004 1628 3092 isiae
1657 3000 1771 3115 quod

383 3112 535 3226 tandem
563 3116 679 3221 etiam
710 3145 759 3202 ex
795 3138 896 3200 voto
924 3110 1101 3199 successit.
1160 3112 1264 3201 Inter
1299 3118 1426 3227 plures
1463 3138 1630 3215 autem,
1668 3137 1771 3231 quoa

383 3230 509 3319 detexi
546 3230 711 3333 modos,
744 3224 901 3345 presens
938 3230 1185 3317 commodior
1211 3231 1365 3316 videtur
1385 3234 1528 3345 ,«.qui,
1556 3229 1650 3315 dum
1685 3261 1771 3321 me·

380 3349 452 3435 sior
482 3350 645 3463 prodeat
675 3353 716 3435 in
742 3350 899 3449 lucem,
926 3342 1026 3432 sacra
1055 3348 1159 3463 quast
1185 3352 1257 3435 erit
1284 3348 1452 3433 anchora
1479 3347 1532 3431 ad
1564 3376 1680 3462 quam
1706 3376 1769 3438 re·

380 3453 636 3567 merendum,
668 3462 758 3553 'crim
795 3494 932 3552 omnes
961 3466 1100 3580 regula
1130 3494 1203 3579 pro
1230 3458 1468 3581 separatione
1494 3464 1768 3569 indeterminaff

376 3592 498 3669 'tarum
523 3586 699 3669 instituta
726 3583 963 3697 nausiagium
986 3582 1142 3669 ficiunt.

434 3698 582 3787 Omnia
617 3705 783 3813 aquatio
825 3699 1085 3785 differentialis
1121 3700 1234 3813 primi
1270 3698 1411 3814 gradus
1445 3700 1607 3813 exprimi
1636 3704 1765 3815 potest

374 3828 447 3932 per
474 3820 573 3903 hanc
597 3822 892 3933 sdxzzdyr
920 3816 1048 3930 posito
1077 3818 1204 3902 literas
1228 3850 1248 3898 s
1285 3824 1324 3902 δι
1345 3850 1373 3898 a
1396 3816 1582 3901 denotare
1607 3820 1766 3930 quanti-

372 3944 472 4022 'tates
502 3935 682 4020 formatas
712 3964 761 4020 ex
788 3967 837 4037 x,
860 3969 887 4049 y
915 3940 956 4019 &
985 3935 1274 4019 constantibus:
1307 3958 1472 4047 ponatur
1499 3960 1600 4017 nunc
1630 3936 1683 4049 dy
1712 3931 1765 4025 ad

369 4056 435 4136 dx
464 4054 606 4139 habere
631 4054 822 4137 rationem
847 4076 890 4136 ut
912 4084 949 4132 m
972 4050 1023 4135 ad
1044 4082 1093 4152 a,
1110 4060 1211 4167 'qua
1240 4053 1373 4165 utique
1399 4054 1440 4133 in
1468 4049 1648 4164 quolibet
1676 4078 1764 4135 tur·

366 4198 430 4255 vte
459 4177 601 4282 pundo
629 4172 827 4261 variatutt
859 4172 1027 4282 aequatio
1063 4168 1322 4273 differentialis
1354 4168 1562 4254 mutabitur
1593 4170 1635 4251 in
1663 4170 1764 4255 hanc

364 4304 593 4387 amma,
614 4316 700 4402 quae
729 4310 806 4372 tres
834 4286 1145 4371 indeterminatas
1173 4288 1347 4371 continet
1372 4318 1414 4384 s,
1435 4319 1464 4368 a
1482 4291 1523 4371 δι
1543 4318 1602 4386 m,
1626 4280 1689 4370 seu
1708 4302 1763 4385 x,'

354 4414 449 4521 p&
468 4437 525 4497 mr
564 4408 645 4515 ejus
672 4407 804 4517 itaque
838 4398 973 4489 Locus·
996 4405 1050 4490 est
1084 4402 1135 4489 ad
1170 4401 1335 4487 infinitas
1362 4430 1496 4487 curvas
1530 4404 1763 4516 asgtbraicas

362 4535 498 4637 (quaa
524 4520 722 4608 dietarium
744 4522 938 4635 appellare
965 4522 1139 4627 liceat),
1170 4548 1254 4634 qua
1283 4516 1580 4620 construuntur,
1609 4546 1761 4633 ponen-

300 4720 303 4727 .
359 4642 426 4725 do
455 4669 569 4727 turam
599 4641 713 4723 trium
737 4638 1137 4738 indeterminatamm,
1164 4636 1272 4724 srvis
1295 4669 1355 4737 m,
1384 4640 1619 4721 constantem
1631 4669 1643 4732 3
1668 4634 1761 4727 inde

358 4760 472 4845 enim
510 4782 683 4871 emerget
715 4760 882 4872 aquatio
916 4755 1077 4840 duarum
1115 4754 1300 4839 duntaxat
1337 4752 1762 4857 indeterminatamm3

356 4900 453 4990 ‘qua
479 4872 620 4961 sormat
649 4900 763 4959 unam
801 4904 850 4960 ex
885 4871 1042 4957 infinitis
1084 4873 1208 4957 curvis
1248 4869 1538 4959 direditicibut:
1570 4870 1760 4987 ponendo

356 5002 468 5083 nunc
490 4992 591 5081 hane
618 4990 785 5083 eaodem
813 5024 851 5077 m
880 4991 1118 5081 constantem
1144 4990 1333 5097 majorem
1360 4991 1429 5082 vel
1452 4991 1666 5092 minorem,
1690 4990 1769 5072 hae

1167 5102 1238 5227 Q
1279 5142 1300 5195 a
1643 5102 1758 5199 bebi&
