5500 6884
192 4715 193 4774 i
210 4768 215 4777 ,

192 4849 195 4950 Ι

192 5487 194 5540 s

468 774 582 938 m.
602 815 807 915 >norm
827 800 1386 908 anonumrnoauam
1407 810 1753 911 rnoronmu
1777 829 1862 927 rra
1907 750 1910 763 ⁸

452 978 583 1077 solum
612 985 746 1071 intime
775 976 1023 1096 penetrasse,
1063 974 1130 1067 sed
1159 978 1277 1065 etiam
1307 981 1391 1089 ejus
1420 984 1650 1093 pomoeria,
1681 984 1862 1071 Theores

454 1110 571 1191 maris
599 1100 671 1191 suis
699 1104 863 1202 aureis,
893 1100 1040 1187 nemini
1070 1120 1115 1183 ut
1142 1098 1334 1212 putabant
1363 1101 1567 1213 cognitis,
1607 1099 1657 1184 ab
1688 1102 1772 1185 aliis
1801 1124 1861 1184 ta·

453 1254 555 1455 gien‘
576 1227 656 1333 jam
688 1222 811 1337 longe
847 1222 951 1332 prius
993 1217 1143 1319 editis,
1172 1216 1313 1301 mirum
1358 1218 1402 1310 iu
1444 1216 1608 1304 modum
1650 1214 1860 1305 extendisse

498 1365 681 1427 oriantur.

606 1502 1143 1643 anoaramn
1231 1542 1713 1658 arrarum

723 1726 921 1799 PURE
974 1724 1621 1819 GEOMETRICUM·

488 1924 603 2039 Qud
618 1930 736 2035 priori
762 1917 996 2013 Mussitans
1018 1978 1033 2021 ,
1065 1918 1112 2013 ἀ
1140 1918 1271 2007 Strenae
1291 1922 1365 2007 loco
1388 1919 1556 2043 &adisis
1587 1934 1828 2051 propenimus.

355 2140 358 2148 ’
457 2151 607 2365 AB
636 2150 914 2244 Eucums
940 2180 1119 2268 tempore
1138 2157 1205 2239 vel
1227 2152 1462 2272 Tyronibus
1480 2158 1715 2249 notumesir
1740 2152 1857 2243 Duc:

588 2296 669 2357 tam
691 2296 887 2387 utcunque
920 2301 945 2358 a
978 2277 1124 2386 punsio
1154 2271 1251 2359 dato
1279 2276 1420 2362 tesiam
1446 2272 1609 2374 lineam,
1629 2302 1669 2359 *a
1703 2268 1856 2361 Circuli

459 2392 672 2501 peripheria
693 2392 747 2475 ita
764 2384 903 2492 secari,
934 2415 977 2475 ut
998 2391 1259 2504 resiangulum
1279 2394 1445 2479 duorrun
1467 2384 1773 2506 segmentomm,
1796 2394 1853 2475 in·

460 2530 517 2590 rer
539 2510 722 2619 punsium
744 2506 879 2592 datum
907 2513 1170 2623 &utramque
1191 2510 1417 2624 peripheriae
1439 2534 1588 2620 partem
1617 2511 1855 2622 intercepto-

458 2649 566 2723 rum,
597 2623 643 2707 fit
667 2623 798 2711 eidem
816 2626 1003 2711 constanti
1023 2650 1214 2741 perpetuo
1240 2628 1401 2743 equale.
1453 2622 1602 2712 Primus
1628 2655 1705 2740 ego
1728 2628 1855 2711 osten·

458 2738 523 2838 di,
547 2743 595 2829 ¹in
629 2741 772 2827 eodem
800 2741 1101 2841 Aliorumsun..
1133 2771 1222 2859 pag.
1261 2764 1359 2852 265,
1390 2744 1416 2797 ἥ
1445 2744 1544 2829 hanc
1579 2745 1857 2858 proprietatem

459 2856 616 2943 infinitis
640 2861 722 2944 aliis
743 2854 889 2945 Curvis
912 2864 1123 2950 convenire
1130 2876 1152 2963 ,“
1176 2862 1361 2978 illamque
1376 2862 1481 2949 adeo
1511 2855 1677 2947 Circulo
1698 2889 1780 2945 non
1799 2852 1856 2943 es·

459 2968 499 3059 se
516 2970 766 3061 essentialem:
784 2973 956 3091 Arrepta
976 2978 1067 3066 hinc
1084 2976 1309 3081 occasione,
1338 2973 1522 3093 proposui
1542 2974 1766 3065 Geometris
1786 2974 1859 3062 de·

460 3092 739 3177 termiumdam
764 3088 966 3208 Curvam,
995 3097 1062 3181 vel
1092 3090 1247 3179 Curvae
1258 3156 1273 3196 ,
1305 3098 1347 3181 in
1376 3094 1517 3209 quibus
1547 3120 1629 3177 non
1657 3095 1858 3215 resiangu·

461 3208 564 3310 lum,
595 3202 661 3296 sed
689 3204 855 3297 solidum
882 3206 950 3297 sub
980 3240 1061 3297 uno
1090 3219 1132 3297 δι
1158 3210 1349 3326 quadrato
1385 3210 1539 3295 alterius
1570 3204 1857 3323 segmentorum

460 3351 631 3441 aquetur
660 3322 806 3443 semper
828 3326 982 3417 eidem:
1014 3324 1081 3417 sed
1112 3356 1137 3414 a
1164 3332 1320 3415 nemine
1349 3330 1531 3413 hasienus
1562 3321 1738 3412 solvendi
1769 3350 1858 3409 mo-

463 3442 532 3526 dus
557 3445 725 3557 prodiitr
757 3446 1026 3533 exhibebimus
1055 3476 1171 3547 eum,
1202 3446 1530 3561 quandocumque
1565 3442 1858 3531 defiderabitur.‘

464 3557 671 3666 Qroniam
705 3587 837 3649 autem
868 3592 950 3650 non
986 3564 1055 3649 nisr
1081 3592 1149 3677 per
1177 3568 1325 3650 curvas
1356 3556 1665 3648 transcendentes
1699 3558 1859 3678 quaesito

463 3671 737 3771 satisfacimuss
770 3706 821 3767 en
850 3680 983 3783 aliud,
1013 3682 1120 3791 eujus
1145 3674 1288 3767 solutio
1316 3710 1386 3795 per
1416 3708 1521 3765 mere
1551 3680 1784 3794 algebraicas
1814 3678 1856 3799 in
1965 3731 1970 3739 ι

462 3797 986 4027 ῃοίέινςὶῗινροὲῗξῗοήκε
1004 3924 1262 4028 proprietatis,
1290 3938 1335 3998 ut
1367 3916 1437 3997 duo
1476 3916 1539 3995 illa
1562 3910 1777 4020 figmentis,
1807 3910 1886 4039 aas·

463 4062 709 4147 quamcunque
724 4044 922 4147 potentiam
935 4037 1062 4116 &tam
1084 4038 1228 4117 elenau
1249 4030 1295 4128 ά
1304 4031 1422 4145 fimus
1434 4030 1586 4143 sirmas,
1597 4030 1758 4141 faciant·
1778 4022 1858 4114 ubi«
1978 4126 1980 4133 Ι

465 4181 533 4263 que
557 4178 670 4232 unam
690 4155 903 4263 easdemque
915 4149 1114 4258 stemmata.

363 4294 368 4307 ·
524 4261 671 4353 Casum
701 4265 1031 4381 srmpsiciffimum,
1062 4268 1246 4355 existente
1281 4260 1332 4353 sc.
1375 4294 1538 4353 numero
1575 4264 1760 4379 porentia
1797 4292 1856 4368 1,
1955 4274 1964 4293 '

465 4383 615 4469 ibidem
640 4386 682 4469 in
716 4384 859 4487 Am,
887 4413 963 4501 pag
995 4403 1091 4475 266.
1121 4394 1145 4482 †
1174 4388 1252 4493 jam
1280 4380 1447 4471 solumm
1471 4382 1670 4477 dedimusr
1702 4390 1859 4496 genera·

467 4504 547 4587 lem
571 4532 667 4587 vero
705 4496 962 4605 solutionem,
992 4530 1111 4618 quam
1146 4503 1357 4589 etiamnum
1396 4498 1632 4617 premimus,
1663 4496 1862 4614 Anasystis

467 4618 677 4705 eruendam
693 4623 957 4735 relinquinurs.

526 4732 688 4821 Dabam
718 4734 952 4853 Groningae‚
984 4734 1070 4851 ipsis
1090 4732 1197 4823 Cau
1211 4738 1301 4848 Jan.
1338 4753 1460 4849 1697.

507 4852 568 4917 NB·
603 4857 741 4921 Videam
760 4858 834 4917 Nus.
854 4854 1009 4919 XXXVII.

524 4954 632 5051 loun.
656 4948 840 5037 Bernoulli
864 4949 986 5066 Opera
1005 4962 1126 5041 omnia
1153 4944 1338 5043 Tomi.
1529 4946 1573 5043 Y
1723 4942 1865 5040 RES·

509 5090 528 5125 *
546 5094 638 5171 Supra
660 5090 712 5151 N0.
734 5090 836 5159 XXX.

510 5173 605 5250 ΗΡ.
629 5170 730 5239 XXX·
812 5220 818 5246 r
