5500 6884
1010 797 1103 878 1045
1137 758 1221 877 rvi.
1253 754 1410 852 xvsru.
1443 728 1680 873 nutura
1709 734 2342 855 emuoonvavorrrea

1006 923 1116 1037 quod
1139 940 1269 1011 tamen
1299 920 1492 1009 interdurn
1513 928 1671 1009 minime
1700 954 1835 1021 verum
1857 929 1936 1026 est,
1962 928 2019 1018 uti
2041 954 2090 1035 ex
2118 927 2196 1011 hoc
2227 920 2309 1011 solo
2327 954 2388 1039 pa·

1008 1050 1090 1143 t'et,
1121 1043 1232 1157 quod
1259 1042 1506 1153 utplurimum
1527 1042 1565 1122 in
1587 1040 1745 1153 paralyfi
1767 1036 1888 1130 sensus
1910 1072 1991 1133 non
2018 1042 2261 1133 debilitatum
2293 1044 2392 1155 quod

1012 1180 1141 1243 tamen
1165 1154 1310 1269 semper
1333 1157 1417 1243 fieri
1436 1155 1621 1257 deberet,
1649 1158 1676 1241 sr
1707 1160 1772 1241 illa
1794 1188 1817 1242 a
1844 1154 1926 1243 solo
1949 1158 2157 1271 Spirituum
2184 1160 2392 1247 animalium

1012 1277 1156 1358 influxu
1181 1276 1375 1387 denegato
1397 1272 1655 1384 dependeret:
1685 1294 1773 1357 nam
1802 1274 1827 1358 st
1851 1279 1959 1369 nervi
1980 1305 2042 1361 ex.
2063 1303 2120 1387 gr.
2143 1275 2409 1370 obstrudione.

1012 1392 1212 1490 laborant,
1238 1392 1398 1476 evidens
1421 1393 1475 1473 est
1499 1420 1580 1472 non
1610 1385 1730 1473 solum
1765 1388 1965 1499 Spiritibus
1991 1391 2306 1489 advenientibus,
2334 1387 2393 1475 sed

1006 1508 1131 1590 etiam
1153 1508 1426 1603 refluentibus,
1451 1508 1519 1617 qui
1554 1534 1693 1617 nempe
1729 1500 1851 1590 sensus
1878 1508 1923 1591 'in
1955 1508 2118 1592 cerebro
2153 1504 2391 1616 producunt,

1012 1624 1116 1707 viam
1140 1624 1364 1714 intercludi;
1391 1628 1432 1705 &
1455 1620 1505 1704 lic
1527 1617 1724 1720 sensus,sr
1755 1652 1836 1706 non
1863 1626 2026 1707 omnino
2056 1623 2299 1721 aboleretur,
2330 1620 2394 1708 sal-

1013 1761 1093 1825 tem
1121 1766 1257 1854 magna
1279 1762 1453 1849 exparte
1478 1740 1778 1824 imminueretur.
1826 1736 2021 1826 'Genuina
2043 1741 2173 1852 itaque
2202 1732 2306 1823 causa
2332 1760 2393 1854 p'a·

1012 1852 1178 1969 ralyseos
1211 1856 1421 1967 aliquando
1452 1858 1578 1967 pote'st
1605 1852 1682 1938 elle
1705 1855 1925 1954 diminuta,
1951 1858 2015 1941 vel
2050 1855 2196 1939 abolita
2226 1852 2392 1943 efferves-

1015 1977 1142 2067 centia
1164 1975 1204 2057 in
1224 1968 1435 2060 Musculisr
1471 1970 1582 2083 quod
1604 1971 1771 2078 accidit,
1800 1973 1961 2085 quando
1986 1997 2051 2055 aut
2077 1966 2235 2055 fluidum
2263 2002 2390 2059 nervo·

1015 2122 1123 2188 rum,
1146 2113 1443 2201 quantacunque
1458 2091 1584 2171 ¹etiam
1606 2090 1821 2201 quantitate
1845 2091 1998 2186 inlluat,
2026 2089 2108 2169 vim
2137 2082 2246 2181 suam,
2267 2096 2395 2205 pungi·

973 2254 978 2263 ·
1015 2212 1135 2303 tivarn
1173 2207 1337 2303 amittit,
1379 2229 1445 2287 aut
1484 2206 1675 2315 particula
1709 2200 1770 2313 san
1799 2207 1918 2289 uineae
1949 2204 2061 2288 nimis
2090 2200 2321 2307 durescunt,
2356 2216 2391 2291 δι

1009 2330 1069 2411 ¹¹ita
1090 2321 1274 2434 quidem,
1287 2344 1337 2406 -ut
1353 2321 1408 2406 ab
1427 2321 1669 2407 acuminibus
1696 2232 1991 2419 confimorati,
2010 2318 2118 2406 fluidi
2136 2320 2303 2437 diffringi
2319 2350 2394 2413 noa

1008 2438 1166 2557 possunt.
1878 2462 1882 2469 ·

1527 2776 1531 2783 ¹
1653 2662 1769 2761 iX.

1074 2900 1233 2997 Ex'hac
1247 2892 1464 3020 'hypothesi
1478 2904 1588 2993 fnc'ile
1607 2906 1723 2993 etiam
1743 2905 1834 2993 esset
1857 2900 2046 3017 explicare
2068 2927 2203 2993 catera
2227 2932 2396 2997 motuum

1013 3016 1292 3113 Masculorum
1306 3020 1587 3136 symptomata,
1613 3048 1657 3107 ut
1690 3048 1820 3109 motus
1839 3017 2123 3133 spalmodicos,
2154 3021 2217 3110 seu
2243 3030 2393 3113 convul-

1020 3144 1145 3244 srvos,
1169 3134 1338 3255 rigorem
1356 3146 1398 3223 dt
1417 3144 1625 3225 tremo‘rem
1640 3143 1923 3239 membrorum,
1945 3134 2238 3243 oscitationem,
2256 3150 2295 3227 δι
2307 3172 2396 3257 pan·

1019 3260 1319 3355 diculationem,
1342 3262 1382 3339 &
1405 3285 1491 3370 quae
1513 3253 1711 3348 fontalia
1734 3252 1799 3341 sed
1821 3256 1898 3339 hoc
1916 3257 1974 3340 est
1996 3283 2103 3341 extra
2123 3262 2289 3345 nostrum
2310 3289 2397 3371 pro-

1018 3377 1206 3491 positum,
1231 3371 1341 3486 quod
1362 3375 1546 3482 imprimis
1568 3402 1619 3456 eo
1643 3374 1837 3470 collimat,
1867 3396 1910 3453 ut
1939 3374 2191 3483 plraenomena
2220 3380 2398 3462 naturalia

1018 3518 1149 3593 motus
1162 3488 1339 3575 animalis
1362 3490 1569 3571 accuratius
1591 3482 1876 3600 perscrutemur.
1934 3486 2024 3597 Jarn
2053 3485 2198 3602 supra(
2217 3518 2260 3573 ut
2285 3495 2323 3574 in
2337 3524 2398 3577 or·

1018 3610 1141 3696 bitarn
1173 3602 1447 3713 revertamur)
1474 3605 1765 3703 annotavimus,
1793 3602 1906 3687 fibras
1926 3608 2106 3689 mottices
2135 3602 2400 3694 Musculorum

1012 3728 1193 3841 ¹colligari
1220 3726 1259 3807 in
1287 3714 1537 3806 transversum
1565 3721 1614 3804 ab
1642 3722 1726 3804 aliis
1749 3720 1918 3819 librislis,
1949 3724 2004 3804 ita
2038 3748 2078 3805 ut
2105 3724 2288 3836 qualibet
2309 3724 2400 3810 libra

1019 3842 1234 3933 muscularis
1260 3840 1383 3951 (quae
1404 3837 1480 3924 stne
1498 3838 1558 3921 his
1585 3836 1730 3921 fibrillis
1754 3838 2000 3921 columellam
2023 3865 2245 3923 excavatum
2270 3870 2399 3955 reprae-

1019 3954 1180 4068 sentat)
1216 3961 1255 4041 in
1284 3953 1452 4063 totidem
1484 3949 1644 4067 spatiola
1679 3952 1894 4053 dividatur,
1920 3980 2086 4065 quorum
2118 3982 2248 4042 tamen
2280 3986 2405 4045 cavere

1012 4075 1411 4161 ‘communicationem
1432 4074 1531 4155 inter
1564 4064 1771 4155 sehabent
1801 4098 1869 4181 per
1898 4093 2021 4153 totam
2048 4072 2329 4181 longitudinem
2351 4075 2404 4159 u-

1017 4194 1096 4279 brae
1118 4192 1310 4288 metricis,
1329 4190 1387 4273 ob
1399 4189 1534 4273 laxam
1553 4188 1755 4301 ligaturam
1782 4184 2001 4271 fibrillarum
2027 4182 2403 4277 transversariarurn:

1017 4309 1227 4425 quodlibet
1246 4302 1559 4419 spatiolum,vel
1572 4304 1856 4401 internodium,
1872 4335 1920 4389 ex
1934 4303 2080 4389 calculo
2097 4296 2405 4409 Bonum*

1017 4430 1196 4543 adaequat
1239 4420 1459 4534 vigesimam
1488 4446 1643 4535 partem
1667 4426 1784 4507 unius
1816 4422 1960 4537 digiti:
2003 4416 2160 4533 quando
2196 4416 2408 4511 Musculus

1017 4539 1190 4645 inflatur,
1212 4540 1353 4653 stragula
1375 4532 1534 4651 spatiola
1560 4541 1602 4624 in
1624 4539 1867 4623 latitudinem
1895 4537 2152 4650 explicantu,
2179 4541 2219 4621 dt
2250 4544 2409 4655 replen-

1019 4686 1081 4753 tur
1102 4690 1191 4746 aura
1216 4660 1281 4743 illa
1316 4658 1465 4741 elallica
1497 4656 1548 4755 de
1579 4682 1657 4771 qua
1684 4650 1795 4767 supra
1820 4668 1857 4757 §-
1895 4650 1953 4742 V.
2008 4650 2178 4767 Oppido
2215 4683 2318 4743 nunc
2356 4660 2413 4743 li·

1018 4802 1115 4895 quet
1147 4774 1305 4893 spatiola
1331 4775 1399 4859 ista
1424 4774 1570 4889 repleta
1599 4802 1682 4859 non
1709 4769 1816 4885 posse
1839 4772 2037 4893 acquirere
2076 4767 2238 4887 figuram
2267 4774 2413 4977 rupp-

896 4914 900 4923 .
2372 4920 2416 4975 ι·

953 5070 965 5107 ·
1097 5067 1203 5139 tun.
1221 5070 1258 5133 u
1274 5068 1366 5135 rm
1385 5030 1610 5133 aruerat
1627 5056 1652 5124 r.
1672 5054 1755 5137 nm
1781 5068 1848 5129 ror·
1919 5041 1927 5061 ·’
