5500 6884
976 783 1059 868 ³04
1202 727 2158 835 N⁰.L111.DIS'SERTAT10

971 915 1099 1012 eram,
1131 911 1230 995 inter
1259 940 1386 997 meam
1417 911 1468 994 de
1498 890 1791 999 Resurrectionc
1811 903 2049 1011 sententiam,
2081 939 2200 1024 quarn
2214 937 2303 994 cum
2319 923 2382 998 tei

972 1031 1087 1143 liquis
1108 1029 1339 1114 orthodoxis
1355 1025 1502 1140 semper
1515 1030 1656 1128 habui,
1682 1035 1722 1112 δι
1744 1029 1842 1112 inter
1855 1027 2124 1127 Socinianum,
2149 1058 2232 1112 non
2250 1031 2377 1111 mino-

970 1158 1063 1232 rem
1086 1148 1231 1229 hiatum
1261 1144 1482 1260 essequam
1512 1149 1611 1230 inter
1640 1139 1825 1230 Lazarum
1867 1149 1907 1228 &
1944 1143 2106 1228 divitem
2143 1142 2377 1258 Epulonem.

860 1286 867 1299 ‘
972 1259 1132 1348 Interim
1161 1293 1257 1347 vero
1291 1259 1361 1348 Cl.
1391 1259 1645 1352 HuLqus
1676 1263 1746 1346 hac
1776 1263 1817 1344 in
1848 1283 1955 1372 parte
1986 1291 2049 1346 me
2081 1265 2315 1374 occupavit,
2341 1269 2378 1344 δι

892 1371 897 1382 ’
974 1405 1159 1494 tanquam
1179 1382 1347 1466 strenuus
1370 1376 1629 1494 TheologuS‚
1661 1380 1786 1462 multo
1821 1379 1954 1461 melius
1982 1406 2098 1491 quam
2122 1380 2208 1492 'ego
2235 1374 2378 1490 potuis-

976 1492 1077 1595 sem,
1109 1501 1176 1610 qui
1207 1499 1303 1580 alius
1333 1499 1450 1610 longe
1481 1493 1560 1580 sum
1591 1495 1852 1608 professionh‚
1884 1493 2180 1580 Socinianorum
2207 1495 2377 1606 strophas

975 1615 1202 1714 ventilavit,
1235 1608 1416 1714 discussit,
1449 1646 1497 1699 ex
1526 1615 1636 1705 losit;
1671 1637 1903 1726 quapropter
1935 1609 2138 1698 Ledorem
2169 1609 2217 1698 B.
2248 1614 2379 1696 remic-

976 1754 1021 1814 to
1053 1729 1103 1812 ad
1133 1732 1340 1815 lectionem
1370 1736 1451 1840 ejus
1482 1644 1527 1816 ὅ

1531 1727 1787 1843 isputationis.
1796 1758 1916 1840 nuper
1946 1731 2111 1820 habitare
2144 1732 2310 1841 reperiet
2322 1729 2378 1810 ibi
2500 1783 2503 1792 ‚

925 1847 933 1862 ’
975 1845 1191 1934 Socinianis
1222 1849 1366 1930 larvam
1396 1873 1474 1932 tam
1501 1843 1590 1932 scite
1618 1848 1847 1944 detractam,
1880 1870 1922 1928 ut
1972 1845 2048 1931 sine
2079 1849 2187 1956 omni
2218 1843 2378 1930 difficul-
2511 1919 2512 1962 Ε

977 1987 1082 2061 tate,
1113 1967 1321 2048 immanem
1344 1967 1448 2047 illam
1471 1961 1756 2076 discrepantiam
1773 1966 1870 2046 inter
1891 1993 1955 2046 me
1975 1969 2016 2046 &
2038 1961 2284 2048 Socinianum
2294 1963 2377 2044 ani-

973 2075 1239 2166 madversurus
1269 2080 1325 2164 firi
1387 2079 1489 2170 Non
1518 2085 1633 2196 igitur
1663 2077 1812 2193 possum
1842 2082 1936 2192 quin
1966 2081 2028 2162 hie
2070 2105 2219 2193 gratum
2250 2106 2376 2162 meum

974 2200 1149 2294 animum
1179 2192 1360 2309 Collega
1391 2228 1481 2283 meo
1513 2196 1801 2284 honoratissimo
1832 2195 2030 2296 testificer,
2062 2196 2173 2310 quod
2202 2225 2267 2279 me
2297 2220 2375 2278 tan·

977 2336 1023 2396 to
1049 2314 1183 2396 labore
1207 2314 1367 2412 levarit,
1400 2323 1441 2399 &
1471 2316 1747 2400 orthodoxiam
1778 2341 1905 2398 meam
1932 2315 1984 2401 ab
2014 2315 2184 2424 impadiis
2214 2313 2376 2398 stultitiis

978 2454 1058 2512 tam
1089 2428 1239 2514 sortiter
1268 2430 1487 2516 vindicarit.
1548 2427 1697 2521 Nescio
1729 2431 1797 2544 qui
1817 2429 1894 2542 ‘hat
1923 2435 1964 2517 δι
2004 2433 2290 2554 maximopegpg.
2308 2429 2376 2510 mi·

978 2573 1070 2643 ror,
1102 2545 1214 2657 quod
1243 2547 1361 2659 aliqui
1393 2548 1484 2648 fint,
1517 2575 1560 2634 ut
1594 2575 1727 2631 rumor
1757 2545 1857 2646 fert,
1898 2550 1966 2660 qui
2006 2547 2185 2632 sinistram
2202 2579 2207 2588 ¹
2224 2548 2390 2658 opinio,

978 2689 1071 2746 nem
1099 2660 1282 2761 habent,
1343 2663 1448 2776 quasi
1487 2695 1554 2778 per
1593 2664 1723 2749 Protea
1751 2662 1926 2746 lubricum
1968 2663 2014 2758 d*
2035 2665 2231 2773 siphistam
2269 2664 2377 2772 verfr
2512 2733 2513 2756 ᾗ

969 2781 1132 2888 pedem,
1178 2807 1278 2889 quos
1316 2803 1397 2862 tam
1436 2777 1598 2867 mascule
1643 2781 1904 2881 constrinxit,
1947 2803 2081 2892 prater
2120 2779 2375 2878 Socinianos‚
2512 2775 2513 2790 ²

980 2895 1098 2978 etiam
1128 2889 1386 3006 Philosophos
1416 2904 1457 2980 &
1486 2928 1549 2984 me
1579 2901 1618 2982 in
1632 2898 1761 3011 primis
1781 2899 2036 2982 intellexerit:
2060 2896 2170 3010 quod
2199 2892 2375 2982 sanenul·

936 3057 940 3063 ⁴
977 3011 1023 3093 lo
1053 3009 1176 3092 modo
1208 3012 1249 3093 in
1278 3014 1449 3096 animum
1475 3016 1569 3098 mihi
1600 3015 1799 3100 inducere
1812 3010 1980 3127 possum:
2007 3037 2139 3126 prater
2169 3041 2257 3098 uam
2276 3016 2375 3099 enirn

979 3127 1090 3240 quod
1113 3123 1188 3211 Vir
1208 3122 1276 3211 Cl.
1289 3148 1316 3228 ,’
1334 3158 1407 3241 pro
1424 3132 1660 3244 ingenuitate
1683 3127 1770 3230 sua,
1801 3131 1903 3216 bene
1919 3125 2099 3243 agnoscat
2177 3131 2374 3214 arhemati·

982 3269 1070 3340 cos,
1089 3243 1232 3356 quibus
1258 3273 1334 3358 ego
1358 3241 1518 3332 adscribi
1537 3250 1653 3332 valde
1680 3247 1873 3349 deletior,
1905 3251 1960 3331 nil
1988 3246 2056 3332 nifi
2083 3246 2373 3346 certitudinem,
2458 3237 2464 3252 '

979 3351 1213 3444 soliditatem
1239 3361 1541 3482 &evidentiam
1570 3393 1718 3462 amare,
1750 3359 2031 3474 proscribcnres
2066 3364 2186 3476 longe
2223 3393 2377 3449 onmem

979 3471 1177 3560 Protei&
1198 3474 1382 3586 Sophistae
1413 3477 1700 3570 lubricitatem
1733 3478 1886 3592 infignis
1913 3477 2060 3593 insuper
2091 3485 2172 3586 ejus
2199 3509 2288 3593 erga
2317 3509 2377 3564 me

980 3593 1195 3678 humanitas
1220 3621 1301 3675 non
1324 3594 1533 3706 permittit,
1566 3621 1609 3680 ut
1636 3599 1713 3682 talc
1737 3597 1834 3710 quid
1862 3600 2062 3682 minimum
2092 3597 2142 3683 de
2166 3592 2246 3708 ipso
2267 3593 2376 3710 suspi-

980 3738 1066 3801 cer3
1097 3702 1298 3822 prasertim
1325 3739 1413 3796 cum
1446 3709 1525 3796 sere
1553 3717 1631 3821 jam
1662 3741 1751 3800 ante
1784 3745 1948 3814 annum,
1979 3717 2019 3798 in
2048 3717 2210 3826 propriis
2232 3707 2305 3797 suis
2327 3743 2375 3798 ae·

980 3826 1117 3927 dibus,
1150 3829 1189 3910 in
1216 3828 1359 3941 quibus
1386 3825 1507 3943 ipsum
1534 3835 1743 3916 convenire
1773 3837 1901 3917 honos
1943 3831 2041 3914 mihi
2074 3834 2261 3943 contigit,
2296 3831 2377 3942 ple-

981 3948 1086 4027 naria
1108 3973 1195 4030 mea
1207 3947 1466 4057 explicatione
1482 3977 1623 4034 eorum
1642 3977 1726 4060 quoe
1739 3945 1849 4063 super
1871 3937 2165 4036 Resurreorone
2179 3950 2295 4060 paulo
2313 3975 2378 4030 an-

864 4138 872 4152 ,
979 4085 1023 4143 te
1044 4061 1201 4182 publice
1221 4063 1394 4151 dixeram
1423 4065 1579 4164 audita,
1614 4093 1676 4148 me
1702 4067 1754 4150 ab
1787 4069 1894 4152 omni
1925 4065 2181 4150 heterodox'm
2204 4059 2379 4150 absolve-

983 4179 1056 4275 rit,
1089 4180 1171 4263 imo
1205 4182 1322 4265 etiarn
1358 4179 1506 4268 causam
1541 4209 1666 4266 meam
1697 4184 1767 4294 (id
1796 4185 1899 4268 enim
1930 4183 1979 4268 ab
2016 4177 2097 4294 ipso
2126 4189 2377 4294 rogaveram)

982 4293 1087 4408 apud
1114 4295 1238 4395 alios,
1284 4303 1352 4410 qui
1381 4301 1503 4387 verba
1532 4325 1625 4384 mea
1664 4301 1705 4384 in
1740 4303 1908 4387 alienum
1940 4293 2175 4386 detorsrlsent
2209 4292 2379 4394 sensum,

984 4411 1149 4498 fideliter
1171 4407 1209 4498 se
1235 4418 1403 4500 acturum
1434 4411 1671 4530 promiserim
1710 4421 1806 4504 nihil
1833 4422 1873 4502 in
1900 4443 1986 4504 mea
2019 4416 2276 4526 explicatione
2314 4414 2380 4498 fibi

985 4522 1182 4634 displicere
1200 4531 1381 4634 asserem,
1410 4533 1478 4618 nili
1501 4533 1619 4646 quod¹
1641 4529 1977 4620 terminum'illum
2004 4528 2268 4616 scholasticum
2287 4535 2382 4616 idem

982 4669 1127 4726 umero
1158 4676 1240 4735 non
1268 4651 1310 4736 in
1337 4652 1485 4772 vulgari
1508 4647 1612 4744 sensu
1643 4683 1706 4746 me
1735 4647 1916 4769 accepisse
1945 4651 2237 4738 existimaverat.

2159 4991 2379 5108 XXIX.
