5500 6884
927 766 930 778 ’
1049 781 1136 884 ssu
1219 763 1299 870 Νο.
1323 774 1433 866 xe.
1465 757 1558 866 nt
1590 704 1797 866 tinto
1830 774 2326 871 reuuuuonunr

1048 967 1214 1046 curvas,
1246 975 1330 1066 quae
1360 973 1469 1065 aeque
1493 944 1776 1048 satisfacerent,
1809 944 2050 1035 Planetarum
2080 944 2239 1036 Otbitis
2261 951 2445 1040 attrslsue

1048 1083 1187 1146 ‘emm‘
1617 1173 1863 1269 txxt.
1930 1189 1935 1198 ·
2478 1150 2481 1356 Ι

1107 1383 1247 1506 Atque
1276 1397 1457 1483 hallenus
1472 1373 1635 1512 'prolata
1670 1392 1755 1482 sunt
1781 1395 1958 1511 quaedam
1982 1418 2132 1480 tantum
2158 1425 2209 1481 ex
2244 1393 2443 1482 Observa·
2479 1392 2481 1517 l

1047 1509 1223 1596 tionibus
1251 1515 1328 1621 jam
1360 1515 1456 1598 olim
1483 1521 1578 1600 mihi
1601 1513 1766 1600 subnatis
1795 1545 1845 1598 ex
1874 1516 2041 1598 lediione
2073 1518 2199 1624 operis
2230 1509 2441 1598 Moronto-
2479 1520 2481 1601 l

1050 1638 1111 1716 nis
1143 1657 1189 1710 ea
1216 1660 1312 1715 vero
1347 1660 1449 1714 nunc
1485 1623 1644 1716 demum
1673 1661 1760 1731 eum
1797 1631 1956 1742 publico
1988 1633 2276 1714 communicare
2308 1636 2445 1732 volui,

1050 1746 1142 1856 quia
1171 1749 1294 1831 intelli
1323 1778 1348 1830 o
1396 1750 1553 1833 alteram
1585 1752 1697 1856 hujus
1742 1745 1891 1858 Operis
1928 1741 2154 1830 Editionem
2174 1753 2337 1857 parari,
2371 1779 2446 1861 qua

1051 1861 1129 1942 hoc
1156 1777 1473 1963 adhucillense,
1504 1894 1585 1977 quo
1605 1868 1684 1948 haec'
1698 1860 1850 1962 scribo,
1882 1863 2039 1976 prelum
2069 1862 2114 1946 lit
2135 1859 2324 1963 euasura,
2354 1870 2443 1948 mul·

1050 1978 1100 2056 tis
1120 1980 1463 2078 annotationibus,
1496 1981 1825 2080 correctionibus,
1857 1975 2045 2090 novisque
2071 1981 2240 2064 inventis
2264 1987 2382 2066 aurfta
2410 1991 2443 2064 dt

1052 2120 1258 2183 exornatas
1279 2098 1379 2205 inter
1401 2125 1494 2208 quas
1509 2099 1765 2182 comestiones
1778 2124 1863 2178 eam
1878 2123 2038 2206 quoque
2055 2090 2305 2206 conspedum
2326 2101 2373 2180 iri
2386 2128 2441 2181 au-

1050 2201 1153 2307 dio,
1186 2239 1301 2321 quam
1331 2209 1438 2322 supra
1459 2227 1493 2311 §.
1521 2209 1739 2300 XXXII.
1770 2208 1931 2313 inserui,
1962 2210 2014 2294 de
2044 2241 2127 2295 non
2157 2217 2263 2296 teste
2291 2214 2438 2298 definita

1051 2327 1202 2413 tatione
1228 2327 1439 2412 resrstentiae
1459 2330 1509 2412 ad
1536 2331 1764 2445 gravitatem
1790 2333 1830 2412 in
1853 2325 2002 2440 Opere
2034 2327 2331 2417 NEWTONI
2364 2359 2436 2442 pag.

1056 2461 1111 2524 26
1117 2455 1145 2544 ἵ
1157 2503 1169 2541 ,
1218 2471 1412 2556 quamque
1455 2443 1531 2532 Vir
1566 2446 1874 2556 incomparabilis
1908 2445 1959 2528 ab
1991 2439 2155 2557 Agnato
2176 2474 2273 2528 meo
2299 2442 2438 2528 Neela

1052 2553 1086 2640 B
1106 2579 1130 2638 Ε
1147 2580 1180 2641 R
1197 2579 1229 2638 N
1247 2580 1278 2640 o
1297 2583 1329 2646 U
1349 2582 1372 2644 L
1392 2583 1419 2646 L
1436 2584 1454 2644 1
1473 2584 1530 2660 ο,
1571 2563 1781 2646 studiorum
1812 2565 2028 2644 nostrorum
2056 2556 2227 2642 Cultote
2256 2556 2432 2644 solertiss-

1052 2699 1149 2769 mo,
1182 2699 1302 2780 nuper
1328 2675 1368 2758 in
1401 2672 1550 2789 Anglia
1576 2677 1769 2794 degente,
1802 2701 1891 2762 ante
1920 2671 2133 2759 absolutam
2164 2677 2436 2787 impreffionem

1052 2815 1166 2870 novae
1185 2783 1405 2890 Editionis,
1438 2821 1658 2906 opportune
1682 2797 1877 2897 monitus,
1902 2793 2077 2908 smgulari
2100 2787 2242 2880 scheda
2257 2794 2366 2880 libro
2378 2793 2433 2882 suo

1054 2897 1214 2992 msetere
1239 2936 1320 2992 non
1343 2907 1416 2995 suit
1439 2909 1681 3026 dedignatus.

1502 3097 1516 3112 “
1601 3119 1894 3264 ιΧΧιι.

1111 3333 1233 3420 Hanc
1252 3364 1349 3422 vero
1361 3337 1558 3426 nuteriam
1573 3369 1647 3451 prae
1662 3341 1804 3426 caeteris
1819 3335 2093 3426 enucleandam
2116 3336 2232 3438 dimi,
2251 3341 2365 3454 quod
2379 3369 2435 3442 ea,

1054 3449 1201 3541 fatente
1230 3449 1333 3535 Viro
1360 3450 1534 3553 summo,
1567 3484 1656 3570 pag.x
1685 3489 1797 3556 290,
1828 3459 2017 3568 perplexe
2050 3456 2144 3541 esset
2175 3453 2439 3570 disquisttionit

1052 3578 1172 3684 at'que
1200 3567 1300 3652 a'deo
1323 3568 1696 3680 explanationem&
1722 3573 2039 3660 dilucidationem
2066 3576 2252 3686 imprimis
2272 3581 2437 3688 requiro

1054 3712 1135 3776 ret;
1169 3715 1259 3773 num
1280 3715 1376 3772 veto
1400 3682 1557 3797 scopum
1573 3692 1790 3802 attigerim,
1819 3688 2007 3798 judicium
2024 3689 2069 3772 stt
2081 3719 2199 3802 penes
2216 3684 2438 3780 Lesstotem:

1054 3801 1133 3890 hoc
1161 3805 1254 3886 mihi
1286 3797 1416 3888 saltem
1439 3799 1645 3903 suffecerit,
1667 3807 1735 3889 ubi
1753 3803 1891 3891 videro
1921 3803 2042 3917 ipsum
2071 3803 2122 3892 N
2133 3830 2158 3890 Ε
2171 3829 2218 3897 W
2232 3827 2300 3892 το
2316 3831 2347 3892 Ν
2360 3834 2392 3897 υ
2406 3833 2441 3894 Μ

1053 3923 1135 4004 hac
1168 3945 1253 4000 mea
1285 3922 1564 4032 qualiacunque
1597 3921 1930 4030 approbaturum
1964 3922 1990 4004 st
2015 3922 2110 4005 tnihi
2134 3917 2341 4036 presertim
2367 3953 2443 4010 tam

1017 4049 1022 4055 '
1051 4033 1160 4122 felici
1184 4027 1256 4116 else
1284 4037 1556 4146 contingeret,
1588 4060 1631 4115 ut
1651 4065 1735 4149 quae
1762 4031 1837 4120 Vir
1862 4036 2129 4123 laudatissimus
2156 4039 2206 4124 de
2223 4042 2315 4150 ¹hoc
2336 4070 2445 4156 argu-

1055 4157 1190 4237 't'nento
1223 4146 1393 4234 ediderit
1424 4152 1653 4234 correctiora
1687 4147 1898 4251 [secundae
1929 4155 2072 4269 quippe
2102 4183 2198 4240 curat
2233 4162 2446 4242 emendam

1052 4273 1231 4383 priores]
1260 4293 1305 4348 ea
1322 4293 1409 4348 eum
1429 4261 1529 4353 hisce
1552 4269 1647 4350 meis
1671 4265 1816 4386 ellent,
1842 4269 1870 4356 st
1897 4299 1978 4359 non
2002 4265 2151 4384 prorsus
2172 4273 2345 4378 eadem,
2379 4273 2446 4364 ω.

1052 4409 1161 4487 tem,
1193 4383 1303 4498 quod
1325 4379 1436 4498 spero
1449 4444 1463 4486 ,
1495 4411 1576 4470 non
1601 4382 1842 4472 dissentanea.

1580 4563 1918 4686 txxtrt.
2038 4551 2040 4553 ’

1113 4800 1310 4898 Ceterum
1334 4807 1535 4929 agnoscet,
1558 4812 1721 4925 opinor,
1740 4810 2052 4928 incomparabilis
2081 4814 2451 4928 strumosus,

1053 4959 1118 5042 me
1148 4927 1211 5013 hic
1241 4929 1343 5014 aliud
1371 4933 1467 5018 nihil
1490 4928 1690 5026 intendisse
1702 4991 1717 5039 ,
1749 4960 1865 5050 quam
1888 4934 2000 5050 quod
2020 4930 2096 5053 ipse
2109 4940 2250 5053 petita
2275 4935 2451 5144 Lettppg
