5500 6884
1002 745 1088 826 410
1176 675 1507 802 maxxru.
1567 693 2224 790 Morornnrrontus.

1004 879 1122 963 talem
1148 869 1405 960 Problematis
1437 863 1703 967 solutionem,
1735 865 1906 980 quamsi
1953 868 2076 978 quis,
2108 897 2177 980 pet
2217 865 2414 948 nonnulla

1007 993 1185 1107 exempla
1206 991 1466 1102 aquationum
1489 986 1757 1101 quadratorum
1788 989 1828 1067 δι
1859 983 2078 1067 cubicarum
2102 1013 2125 1068 a
2154 979 2192 1068 se
2222 981 2413 1068 resoluta·

1010 1139 1118 1210 tum,
1149 1106 1386 1194 contendere
1416 1105 1564 1205 vellet,
1594 1097 1632 1188 se
1661 1097 1878 1187 monstrasse
1903 1104 2007 1184 viam
2039 1103 2264 1216 generalem
2295 1097 2411 1186 resol-

847 1239 852 1250 “
1010 1226 1131 1318 vendi
1161 1226 1445 1339 aequationem,
1478 1225 1737 1333 cujuscunque
1767 1218 1810 1302 stt
1836 1218 2095 1304 dimensionis
2493 1294 2494 1311 Ν

930 1395 933 1402 ,
1071 1342 1244 1431 Videtur
1274 1337 1522 1426 Dooitfims
1543 1333 1834 1425 CRA1G1us
1855 1331 1933 1444 ipse
1952 1335 2251 1450 quodammodo
2272 1331 2413 1450 agnos
2493 1332 2494 1341 ‘

1014 1491 1102 1550 cere
1131 1455 1458 1572 imperseclionem
1489 1451 1561 1539 suae
1590 1450 1802 1538 solutionis.
1845 1451 1927 1536 Sub
1957 1451 2074 1537 finem
2105 1459 2232 1552 enim,
2259 1457 2336 1537 ubi
2361 1458 2416 1536 in·

1014 1582 1098 1666 nuit
1126 1574 1334 1664 Problema
1362 1573 1659 1684 Diopbaenraum‚
1683 1601 1764 1684 quo
1800 1572 1970 1682 peritur,
2000 1565 2197 1656 Dividere
2225 1565 2417 1654 summam

1015 1697 1182 1784 duorum
1214 1691 1545 1807 quadratorumin
1573 1689 1654 1771 duo
1683 1691 1758 1772 alia
1782 1686 1989 1800 quadrata,
2010 1715 2169 1800 quarum
2196 1689 2321 1772 latera
2348 1690 2418 1770 fint

1015 1812 1248 1908 rationalia,
1277 1807 1499 1892 affinitatem
1530 1806 1673 1890 habere
1709 1832 1797 1888 cum
1831 1807 1990 1904 nostro,
2021 1804 2133 1916 quod
2152 1807 2308 1916 putavit
2346 1834 2415 1888 ne·
2494 1818 2495 1853 ¹

1018 1923 1171 2014 cellario
1198 1925 1303 2008 idem
1330 1921 1404 2008 elle
1444 1950 1592 2037 quam,
1618 1918 1812 2006 Dividere
1839 1915 2036 2004 summam.
2055 1920 2222 2006 duorum
2248 1923 2418 2034 quadra·

1016 2067 1146 2132 toturn
1174 2044 1213 2126 in
1245 2043 1318 2124 alia
1345 2041 1426 2124 duo
1462 2039 1669 2153 quadrata,
1695 2067 1861 2150 quorum
1894 2037 2012 2121 latera
2050 2036 2120 2120 sant
2146 2033 2416 2128 snmmabiliar

1016 2159 1210 2247 rerumne
1234 2153 1382 2259 subdit,
1420 2151 1658 2242 solutionem
1684 2157 1761 2240 mei
1787 2150 2043 2239 Problemaris
2069 2183 2297 2240 communes
2333 2182 2417 2238 tan·

1017 2303 1099 2362 tum
1140 2273 1370 2362 Fluxionum
1399 2273 1609 2359 methodos
1637 2266 1800 2356 inversas
1822 2273 2040 2384 requirere,
2072 2280 2112 2356 dc
2142 2269 2350 2357 artificium
2381 2275 2418 2355 in

1018 2394 1151 2478 debita
1176 2395 1336 2476 laterum
1356 2390 1597 2503 quaesttorum
1621 2386 1846 2472 assumtione
1871 2388 2093 2486 consulere,
2115 2384 2257 2472 scilicet
2281 2415 2329 2474 ut
2351 2389 2418 2472 srnt

1017 2504 1256 2592 summabilia
1267 2540 1285 2598 5
1313 2535 1396 2620 quo
1424 2501 1509 2590 satis
1540 2506 1655 2590 nobis
1674 2506 1842 2590 indicare
1860 2507 1968 2605 vult,
1989 2505 2127 2617 quod,
2157 2507 2419 2618 quemadmo-

1019 2624 1117 2710 dum
1164 2625 1230 2706 illa
1268 2623 1481 2707 fluxionum
1525 2621 1733 2706 methodus
1776 2617 1923 2706 inversa
1965 2620 2140 2706 nondum
2177 2623 2231 2706 ad
2266 2624 2419 2736 persec-

1021 2742 1171 2826 tionem
1202 2739 1256 2824 est
1285 2739 1490 2852 perdusia,
1521 2734 1587 2824 sed
1616 2741 1784 2824 immane
1867 2765 1998 2822 antum
2027 2737 2153 2824 adhuc
2179 2743 2280 2824 circa
2312 2744 2418 2824 illam

1019 2884 1044 2944 a
1075 2851 1299 2946 Geomettis
1321 2855 1574 2956 defideratur,
1601 2859 1654 2940 ira
1676 2859 1794 2940 etiam
1829 2857 1954 2941 olutio
1982 2850 2067 2955 sua,
2098 2883 2186 2969 quae
2208 2859 2314 2942 illam
2338 2887 2423 2944 me·

1020 2973 1186 3061 thodum
1221 2975 1413 3087 requirit,
1453 2972 1621 3088 perfetio
1649 2973 1727 3058 dici
1761 3000 1843 3056 non
1870 2971 2015 3083 possit:
2059 2972 2260 3060 artificium
2287 3002 2421 3062 autem

1021 3090 1166 3205 [quod
1194 3086 1272 3204 ipse
1301 3093 1356 3175 ira
1386 3102 1537 3189 vocat]
1564 3087 1772 3176 assumendi
1797 3093 1915 3176 latera
1936 3088 2075 3174 debito
2104 3091 2250 3190 modo,
2278 3117 2324 3178 ut
2353 3093 2422 3177 srnt

1020 3202 1281 3308 surnmabilia,
1313 3205 1417 3290 haud
1443 3209 1562 3294 dubie
1592 3234 1775 3292 arcanum·
1794 3209 1848 3291 est
1875 3205 2153 3294 difficillimum.
2187 3207 2292 3298 Non
2323 3239 2425 3323 ergo

1022 3321 1123 3406 illud·
1146 3324 1185 3404 in
1211 3318 1404 3408 solutione
1431 3326 1603 3437 generali
1641 3321 1766 3410 fuiffet
1794 3318 2107 3435 supponendum,
2139 3317 2206 3411 sed
2236 3321 2420 3411 demons-

1021 3435 1223 3522 trandum:
1255 3438 1365 3552 quod
1396 3437 1613 3540 donner,
1644 3470 1771 3526 meam
1797 3469 1898 3524 nunc
1928 3436 2159 3526 solutionem
2196 3448 2424 3544 eumalio,

1024 3553 1231 3755 quodbme
1268 3583 1320 3640 eo
1351 3553 1538 3660 deduxit,
1557 3586 1668 3646 novo
1689 3561 1858 3646 invento
1872 3561 2155 3647 communicare
2173 3589 2440 3678 nequaquam.

1022 3698 1139 3788 grava
1170 3701 1228 3758 or.

1085 3785 1235 3874 Verum
1267 3789 1467 3875 hocloco
1498 3794 1664 3878 nonest
1701 3792 2028 3897 diffimulandum,
2068 3793 2180 3911 qnod
2217 3821 2428 3908 acceptum

1025 3903 1179 3992 ferimus
1226 3903 1362 3992 illustri
1406 3911 1537 3994 nostro
1576 3907 1923 4012 LEIBNITI-o,
1963 3913 2198 4000 felicioribus
2245 3909 2430 4026 auspiciis

1026 4049 1107 4106 rem
1131 4021 1313 4134 aggresso.
1343 4022 1382 4109 Is
1400 4031 1544 4140 quippe
1563 4031 1680 4129 mihi,
1704 4024 1770 4113 sub
1792 4032 1942 4114 initium
1961 4035 2050 4115 anni
2074 4026 2294 4144 superioris,
2320 4028 2429 4142 pers·

1026 4135 1150 4250 tripstt
1180 4141 1344 4250 aliquod
1374 4169 1569 4230 tentamen
1605 4142 1834 4238 solutionis,
1868 4151 2090 4262 neutiquam
2125 4151 2426 4262 paralogisticar

1025 4259 1109 4344 imo
1134 4258 1195 4340 cui
1217 4257 1310 4340 nihil
1339 4257 1493 4361 deerat,
1521 4261 1588 4346 nifi
1612 4288 1654 4344 ut
1671 4265 1846 4349 laborem
1869 4267 2003 4349 calculi
2027 4266 2124 4380 [qui
2150 4264 2200 4348 ad
2222 4267 2423 4378 perplexi-

1027 4398 1147 4458 tatem
1185 4373 1289 4457 haud
1319 4373 1430 4461 facile
1466 4373 1716 4578 suvrabilem
1752 4380 1944 4469 deducere
1982 4381 2218 4482 videbatur]
2253 4383 2429 4468 tollendi

1028 4492 1190 4576 modum
1218 4492 1448 4580 ostenderet.
1557 4497 1592 4579 ia
1621 4521 1773 4600 autem,
1805 4528 1921 4614 quam
1946 4499 2152 4585 ineundam
2181 4495 2324 4584 censuit
2351 4497 2430 4584 Vir

1028 4602 1390 4720 perspicacisstmus,
1421 4611 1587 4698 confistit
1619 4619 1659 4698 in
1689 4618 1968 4702 coevolutione
1996 4618 2157 4702 duarum
2182 4645 2426 4718 cumomni,

1029 4745 1108 4836 ope
1147 4727 1232 4844 styli
1264 4757 1470 4825 commune
1510 4735 1782 4853 complicatum
1811 4732 1920 4823 filum
1947 4735 2172 4839 tendentis,
2211 4741 2253 4822 dc
2284 4727 2436 4938 degendi:
