5500 6884
569 805 675 901 ot?
736 778 954 903 Motu
1006 808 1524 908 Muscutonura
1685 860 1743 929 9,

362 964 501 1068 brillas,
533 996 614 1053 non
637 992 764 1056 autern
785 968 900 1055 fibras
922 964 1015 1082 ipfis
1038 964 1288 1069 musculares,
1314 972 1616 1059 contradionem
1642 976 1741 1063 inire

361 1076 426 1167 Cl
455 1084 520 1193 Jo.
550 1080 825 1184 MAJoW*
859 1086 1008 1185 statuit,
1039 1082 1104 1171 sed
1143 1088 1266 1171 minus
1300 1114 1493 1201 congrue,
1524 1095 1565 1175 dt
1604 1118 1740 1179 contra

270 1281 272 1307 ,
363 1204 524 1287 omnium
546 1194 735 1287 saniorum
762 1198 1088 1289 Anatomicotum
1112 1198 1349 1291 sententiam.
1409 1197 1498 1319 Ego
1522 1209 1670 1293 nullum
1698 1236 1735 1295 a·

287 1385 294 1428 ,
361 1321 445 1403 lium
475 1320 559 1431 ipsrs
583 1318 756 1409 attribuo
783 1314 912 1419 usum,
943 1348 1059 1433 quarn
1095 1344 1138 1405 ιιι
1180 1322 1351 1407 vinctura
1381 1318 1446 1406 sua
1484 1320 1743 1425 transversaria

271 1347 281 1550 1
360 1436 580 1547 impediant,
611 1462 661 1522 ne
687 1436 795 1521 ¹libra
826 1440 1005 1521 mottices
1027 1440 1066 1523 in
1090 1442 1174 1521 adu
1207 1440 1416 1523 inflationis
1437 1444 1596 1525 nimium
1628 1442 1733 1529 diva·

356 1556 534 1653 ricentur,
564 1560 606 1638 δι
632 1583 681 1639 ex
696 1552 884 1639 ordinato
910 1548 978 1639 suo
1003 1552 1070 1637 sttu
1104 1554 1385 1647 disturbenturr
1416 1554 1467 1639 stc
1501 1584 1641 1643 cavum
1672 1586 1741 1641 cu-

271 1705 274 1757 ι
358 1664 477 1782 iusque
494 1670 730 1769 columelloe,
762 1672 827 1755 vel
859 1668 962 1755 librae
988 1672 1185 1769 metricis,
1218 1669 1457 1785 distinguimur
1470 1702 1549 1785 ope
1571 1675 1682 1783 hujus
1692 1676 1740 1758 li·

271 1775 273 1809 ¹
352 1812 485 1897 ganttae
511 1789 551 1869 in
574 1788 731 1901 aequalia
760 1785 1004 1885 internodia,
1034 1814 1119 1899 qua
1144 1787 1271 1899 plures
1294 1789 1476 1887 cellulas,
1505 1791 1572 1873 vel
1593 1789 1741 1877 veficu-

356 1906 425 2000 las,
458 1900 691 1995 efformantt
723 1930 809 2015 qua
841 1902 1013 1987 vesrculae
1040 1903 1205 1987 flaccida
1238 1898 1350 2005 sunt,
1386 1912 1427 1989 dt
1461 1906 1642 1989 lateribus
1667 1900 1743 1991 suis

355 2023 581 2119 connivent,
625 2018 785 2133 quando
824 2014 1025 2105 Musculus
1065 2022 1240 2119 otiatur,
1271 2028 1311 2103 δι
1351 2049 1435 2133 quae
1470 2022 1736 2108 distenduntur

270 2199 273 2252 p
355 2136 503 2251 quando
524 2160 729 2249 operatur,
747 2142 803 2221 ’ἀ
835 2130 1088 2247 adpiscunrur
1110 2132 1267 2247 liguram
1297 2138 1454 2221 ovalem
1481 2136 1640 2224 similem
1672 2166 1740 2221 tn·

352 2255 442 2345 nulls,
460 2278 629 2353 catenae,
660 2280 760 2365 quos
788 2239 1087 2341 BdRELLUs
1112 2250 1238 2363 paffim
1263 2252 1488 2337 machmulaes
1515 2253 1735 2337 rhomboide-

350 2374 396 2451 lrs
421 2370 618 2458 nominatt
650 2364 716 2453 sed
742 2394 962 2481 perperam,
996 2393 1039 2453 ut
1061 2366 1156 2453 infru
1179 2366 1390 2455 ostendant.
1430 2368 1582 2455 Obiter
1610 2370 1738 2453 adhuc

349 2486 605 2584 innuendum,
635 2486 839 2599 ligationes
873 2480 982 2569 hasce
1019 2478 1292 2569 transversarias
1316 2484 1420 2569 laxas
1451 2482 1547 2587 elle,
1581 2508 1626 2569 ut
1648 2514 1755 2571 om··

347 2606 452 2687 nibtu
483 2602 657 2687 vestculis
687 2604 987 2688 communicatio
1014 2600 1272 2703 intercedere,
1305 2607 1344 2685 δι
1366 2604 1428 2686 vis
1455 2604 1632 2701 motiva,
1668 2594 1734 2684 seu

345 2722 499 2806 nuceria
534 2720 692 2823 inflans,
730 2720 925 2835 aequaliter
967 2712 1269 2837 quaquaversum
1303 2710 1379 2807 sese
1405 2718 1622 2835 expandere
1643 2710 1734 2833 pos-¹,
1774 2806 1791 2835 „

974 3059 1102 3159 tlt

389 3298 600 3391 Hactenus
612 3286 1022 3529 memorata'ptacipua
1047 3296 1156 3403 sunt,
1188 3326 1272 3417 quae
1295 3298 1393 3387 circa
1411 3298 1595 3387 fabricam
1615 3286 1729 3387 Mul

335 3426 407 3509 tuli
430 3424 612 3534 {implicit
636 3416 896 3506 observantur.
979 3418 1046 3503 uid
1071 3442 1200 3503 autern
1221 3422 1376 3531 proprie
1405 3414 1628 3505 Musculum
1640 3442 1730 3501 mo·

335 3568 445 3641 teat,
479 3541 577 3625 varii
604 3540 710 3623 varie
742 3536 792 3622 de
819 3566 869 3621 eo
899 3532 1087 3625 sentiuntr
1120 3564 1285 3649 quotum
1317 3537 1492 3620 omnium
1522 3537 1732 3648 opiniones

336 3654 523 3743 discutere
547 3656 674 3757 velle,
705 3682 786 3739 nott
808 3656 863 3739 cll
884 3682 933 3740 ex
954 3656 1085 3737 nostro
1115 3654 1310 3737 instituto:
1342 3644 1461 3749 Milia
1478 3682 1578 3738 vero
1600 3648 1729 3738 Vete-

332 3804 413 3859 rum
432 3772 618 3859 facultate
638 3772 866 3883 incorporea
889 3771 1073 3867 naturali,
1104 3762 1322 3854 Musculos·
1335 3766 1581 3866 immediate,
1605 3788 1650 3850 ut
1665 3766 1731 3846 lo·

330 3917 505 4003 quuntut
523 3912 731 3991 movente,
763 3886 962 3972 videamus
992 3884 1090 4001 quid
1117 3912 1213 3999 unus
1230 3884 1402 3970 velalter
1419 3884 1489 3966 hac
1514 3882 1618 3967 dete
1638 3904 1727 3965 cen·

328 4006 456 4093 suerit.
480 4002 703 4119 Experient.
725 4002 937 4105 STENO,
968 4004 1008 4089 in
1020 3998 1089 4085 suo
1108 3996 1349 4115 Myologico
1367 3992 1595 4112 specimine,
1613 3990 1731 4084 Mn.

326 4126 462 4211 culum
488 4124 665 4207 contrahi
685 4122 890 4207 arbitratur
910 4118 986 4207 stne
1010 4146 1121 4205 novar
1143 4120 1311 4203 materiae
1343 4113 1577 4205 acceffioner
1614 4114 1731 4197 nimie

323 4272 407 4329 nun
436 4268 515 4357 pet
536 4234 657 4325 solam
683 4238 938 4323 mutationem
970 4234 1123 4349 figure,
1143 4232 1447 4347 ‚commigrando
1481 4230 1731 4344 apartllelo·

318 4388 510 4472 grummo
532 4355 814 4469 obliquangulo
840 4355 881 4437 in
906 4355 1064 4451 rel‘lius,
1096 4376 1181 4465 qua
1208 4352 1344 4462 opinio
1367 4342 1516 4461 prorsus
1539 4347 1729 4445 ridetur,-

315 4484 351 4561 δι
384 4508 471 4591 pro
498 4502 609 4561 mero
628 4468 708 4557 lusu
730 4472 875 4584 ingenii
900 4464 1091 4554 Aurhoris
1122 4464 1321 4553 habenda:
1353 4488 1604 4577 preterquam
1621 4462 1729 4549 enim

310 4594 437 4709 quod
470 4595 553 4678 hoc
586 4586 710 4673 modo
739 4587 950 4671 contradic
978 4577 1151 4675 Musculi
1185 4582 1392 4694 tellanguli
1430 4580 1610 4690 explicati
1643 4602 1729 4681 non
1881 4650 1885 4654 .

358 4712 463 4809 ffit,
496 4706 568 4792 nist
597 4702 812 4817 penetratio
827 4702 999 4815 corporis
1021 4702 1226 4800 statuatur,
1247 4696 1401 4809 concipi
1419 4698 1579 4808 nequit,
1603 4691 1729 4808 aquo

300 4878 312 4914 ι
407 4828 536 4912 culus
558 4846 784 4923 moveatur,
816 4824 858 4907 dc
873 4820 987 4933 quale
1007 4820 1090 4927 ejus
1106 4814 1150 4905 stt
1167 4818 1332 5026 plrdmum
1353 4842 1542 4931 movent,
1564 4810 1631 4898 vel
1648 4834 1730 4945 qua

1296 4962 1319 5025 a
1564 4946 1570 4965 ¹
1604 4950 1724 5017 tatro-

334 5096 355 5133 ⁸
378 5094 504 5161 Tra&-
519 5090 663 5179 dealem
686 5084 811 5171 Musoni.
832 5106 895 5170 cup·
913 5100 942 5157 a·
