5500 6884
533 824 631 915 ur:
683 818 900 913 Moru
951 815 1473 913 Murcuronunr.
1621 864 1701 950 ,07
1782 801 1786 807 ’
1875 930 1879 937 ,

329 1038 462 1123 semin
492 1030 557 1138 A,
589 1062 673 1153 qua
702 1036 834 1151 itaque
863 1032 1056 1121 inveninu
1084 984 1261 1171 :fi-17
1271 1066 1281 1114 ι
1315 1027 1408 1149 quia
1425 1007 1526 1127 nunc
1543 1038 1704 1131 ducatio

328 1206 499 1317 potentia
525 1198 569 1289 K
598 1204 653 1288 est
681 1196 758 1317 ipsa
776 1226 934 1317 tangens
964 1192 1058 1301 KI,
1079 1192 1317 1283 sustinebitur
1335 1198 1418 1286 haec
1436 1228 1523 1291 tota
1543 1235 1703 1323 apunc·

329 1394 371 1455 to
389 1364 451 1461 Ar
479 1366 651 1483 ideoque
672 1369 857 1480 potentia
884 1366 1032 1481 partiali
1055 1366 1220 1449 inventa
1250 1316 1356 1509 33⁷3!
1373 1367 1552 1459 addenda
1564 1376 1620 1461 est
1631 1405 1704 1491 po·
1777 1398 1782 1407 '

330 1536 442 1621 tentia
468 1530 539 1635 K,
567 1528 632 1619 seu
658 1563 748 1635 nx,
781 1532 832 1619 ad
861 1528 1077 1617 habendam
1106 1534 1321 1643 potentiam
1350 1535 1514 1621 totalem
1532 1546 1572 1624 ἃ
1596 1534 1705 1627 cons·

330 1678 469 1773 tantem
506 1653 547 1735 in
584 1646 663 1755 A,
694 1678 810 1765 quarn
839 1644 1032 1765 posuimus
1061 1690 1130 1729 =
1153 1676 1200 1739 ar
1232 1655 1272 1733 dt
1303 1648 1352 1735 fic
1383 1652 1579 1741 esiciemus
1609 1658 1707 1762 hanc

330 1818 580 1933 aquationem
599 1813 891 1902 differentialem
908 1768 1011 1955 '9332
1033 1820 1083 1905 ÷
1105 1842 1133 1895 n
1156 1847 1184 1897 x
1213 1858 1282 1897 =
1303 1842 1352 1918 a,
1378 1844 1464 1931 φιτ
1483 1878 1497 1919 ,
1523 1822 1708 1933 multipii-

330 2009 406 2070 cata
436 2010 503 2094 per
531 1984 630 2083 dx,
663 1982 730 2068 dat
758 1984 875 2101 nydy
903 1986 954 2069 ÷
981 1981 1114 2060 axdx
1142 2022 1212 2059 ε
1239 1984 1359 2079 ιλιι,
1390 1976 1618 2098 sumptisque
1648 1988 1706 2071 in·
1783 2006 1787 2014 '

329 2100 530 2216 regalibus
559 2098 763 2186 habebitur
790 2113 812 2207 ἦ
841 2129 922 2214 nyy
950 2102 1000 2187 ÷
1028 2106 1052 2195 -r-
1078 2092 1464 2212 axx=axseuyy
1483 2111 1708 2193 ÷xx=

329 2242 439 2406 ²53³
473 2294 559 2380 φιτ
587 2266 754 2379 aquatio
783 2260 951 2350 ostendit
973 2286 1128 2347 curvam
1152 2258 1343 2375 quaestam
1372 2257 1512 2351 ABC
1541 2252 1618 2353 esse
1636 2269 1709 2352 cir·

328 2434 518 2531 cularem,
549 2434 656 2541 cuius⁸
684 2428 810 2516 radius
838 2428 905 2514 vel
935 2422 1213 2513 semidiameter
1240 2400 1361 2527 222}
1398 2458 1435 2515 a.
1491 2435 1553 2545 Q
1580 2430 1630 2517 Ε.
1673 2430 1709 2517 s.

327 2546 410 2639 Ubi
440 2546 658 2632 notandum
686 2548 900 2660 potentiam
930 2540 1239 2629 susiinentem'in
1269 2538 1327 2645 B,
1358 2538 1455 2649 seu,
1485 2546 1597 2662 quod
1624 2572 1710 2634 tan-

324 2666 485 2752 tundem
514 2666 598 2763 est,
629 2666 711 2747 vim
740 2662 927 2747 firmitatis
954 2690 1040 2774 quat
1071 2660 1273 2773 requiritur
1292 2690 1343 2747 ne
1361 2662 1469 2748 silum
1491 2690 1709 2777 rumpanrr,

324 2814 392 2898 per
419 2776 540 2894 Prop.
571 2776 701 2879 Praei.
741 2774 1119 2865 Vanrcrtourr
1148 2776 1271 2861 modo
1300 2780 1526 2893 allegatam,
1555 2784 1713 2897 reperiri

323 2902 474 3011 ubique
510 2898 697 3009 aequalem
727 2898 911 3009 potentiae
941 2890 1131 2980 sustinenti
1160 2895 1200 2977 in
1229 2890 1286 2981 A.
1347 2896 1389 2985 Si
1425 2922 1606 3010 praterea
1642 2928 1715 2985 ve·-

323 3021 438 3107 fimus
468 3016 658 3115 rationem
688 3015 860 3099 invenire
891 3014 990 3095 inter
1019 3014 1121 3095 vires
1150 3012 1361 3115 inflantes,
1403 3020 1445 3097 δι
1482 3017 1582 3099 vires
1611 3009 1715 3099 stuii·

323 3158 488 3232 nentes,
516 3126 581 3216 seu
609 3130 795 3215 firmitatis
824 3126 878 3211 fili
911 3122 1127 3327 reqluilsttai,
1157 3124 1314 3229 idest,
1355 3130 1383 3213 si
1421 3124 1716 3233 crescentinus,

327 3253 392 3339 vel
425 3244 730 3335 decrescentibus
758 3277 806 3350 a,
837 3266 904 3327 aut
932 3240 966 3329 Β
1039 3304 1052 3343 ,
1083 3240 1336 3331 determinare
1364 3246 1485 3329 libeat
1507 3246 1547 3329 in
1567 3272 1717 3361 quara·

325 3375 438 3457 tione
467 3360 661 3467 crescant,
701 3364 768 3450 vel
810 3355 1056 3459 decrescant,
1097 3362 1279 3473 potentie
1317 3356 1537 3447 sustinentes
1567 3365 1608 3447 in
1637 3358 1716 3467 A,

324 3490 389 3577 ves
421 3482 483 3583 B,
517 3472 759 3568 manentibus
788 3481 941 3565 interim
969 3474 1084 3561 radiis
1119 3478 1347 3563 circulorum
1377 3480 1613 3596 equalibus,
1644 3510 1756 3595 po·-

324 3628 440 3687 natur
467 3594 563 3685 BH
591 3642 661 3682 =
688 3601 788 3682 rnds
817 3600 858 3681 dt
887 3596 1062 3706 potentia
1091 3586 1269 3677 sustinens
1297 3594 1338 3675 in
1367 3592 1436 3697 A,
1456 3598 1522 3682 vei
1542 3592 1721 3701 B=b,=

324 3773 367 3851 dt
393 3764 607 3853 habebitur
636 3766 716 3851 hac
745 3758 912 3879 aequatio
933 3793 988 3875 ῃ
1016 3766 1065 3851 ÷
1086 3784 1152 3839 xx
1181 3709 1375 3901 :²3²3
1407 3762 1722 3873 quiaautemra·

325 3936 380 4021 au
409 3956 615 4049 potuum
643 3928 835 4045 aquata,
866 3924 940 4011 ern
970 3880 1003 4071 ζ,
1029 3968 1099 4009 =
1134 3902 1182 4053 ξ,
1213 3924 1384 4039 ideoque
1410 3950 1650 4008 mm:
1680 3919 1723 4023 r,
1896 4032 1900 4041 ι

326 4102 404 4187 hoc
437 4100 519 4201 est,
548 4098 651 4181 vires
678 4088 925 4197 sustinentes,
957 4094 1023 4180 vel
1063 4092 1249 4181 firmitatis
1289 4088 1515 4205 requifitae,
1557 4082 1643 4173 sunt
1681 4092 1722 4174 in

324 4222 487 4305 ratione
529 4214 669 4299 virium
708 4214 955 4304 inflantiumr
1000 4210 1044 4295 id
1084 4212 1342 4326 quodetiam
1374 4206 1503 4295 Frater
1532 4235 1640 4292 meus
1668 4209 1724 4291 ita

324 4336 519 4433 invenit,
551 4354 595 4415 ut
623 4328 757 4415 videre
787 4328 879 4415 lIcet
908 4332 948 4413 in
977 4330 1150 4444 tegulis,
1195 4354 1290 4445 quas
1329 4324 1569 4442 publicavit,
1598 4328 1622 4419 †
1649 4349 1724 4437 pro

324 4450 662 4541 determinatione
691 4468 898 4533 curvatura
927 4446 1019 4532 veli.

977 4674 1025 4765 X
1051 4672 1103 4765 1..

382 4908 610 5007 Methodo
636 4974 650 5017 ,
681 4938 760 5033 qua
786 4906 843 4997 uli
871 4902 995 4997 sumus
1024 4912 1065 4995 in
1093 4908 1165 4997 hac
1195 4902 1499 5025 supputatione,
1537 4907 1617 5000 fert
1645 4929 1733 4993 tota

1185 5026 1317 5117 02
1531 5021 1937 5119 ·nitf·.

427 5158 451 5229 i
473 5151 542 5224 M.
564 5153 677 5219 badi.
695 5146 771 5239 lips.
795 5156 883 5231 1692.
901 5148 972 5229 idai.
993 5166 1059 5232 pag.
1075 5166 1144 5229 ποι.
1261 5150 1266 5155 “
