5500 6884
975 816 1061 915 '136
1089 801 1167 893 nt.
1182 798 1339 891 mun.
1372 744 1702 889 arcturon
1718 788 2022 927 mutuom)
2045 802 2339 921 Quartum

969 968 1102 1053 Frater
1116 970 1155 1052 in
1169 994 1297 1079 nupero
1322 966 1502 1053 Ariorum
1527 962 1673 1049 Ombr,
1694 962 1844 1066 afferit,
1875 968 2078 1079 problema
2099 973 2279 1057 nimirum
2297 975 2370 1057 im·

968 1087 1114 1199 plicans
1137 1112 1293 1169 cruram
1317 1114 1403 1197 quae
1424 1079 1638 1191 ‘neceffario
1665 1080 1709 1164 stt
1735 1083 1981 1196 algebraica,
2013 1089 2130 1171 etiam
2164 1087 2369 1174 necelsario

968 1198 1109 1287 resolvi
1142 1197 1247 1314 polle
1283 1229 1352 1313 per
1389 1201 1564 1313 vulgares
1603 1199 1769 1312 algebrae
1803 1203 1964 1313 regulas.
2026 1198 2109 1287 Cui
2140 1208 2370 1317 generaliter

969 1319 1076 1403 dieto
1106 1346 1182 1431 ego
1216 1346 1296 1401 non
1328 1313 1541 1401 effentior:
1572 1314 1614 1401 Si
1647 1318 1788 1416 enim,
1824 1319 1937 1402 verbi
1962 1346 2019 1431 gr.
2050 1322 2208 1427 alicujus
2237 1322 2367 1435 ligura

970 1436 1231 1549 quadratua,
1270 1436 1336 1519 vel
1371 1456 1421 1519 ex
1465 1435 1706 1546 tangentium
1727 1428 2101 1547 ·subttngentiumve
2137 1440 2365 1524 conditione

960 1554 1098 1665 alique
1125 1573 1241 1633 curva
1276 1551 1438 1665 (quam
1466 1550 1559 1636 licet
1588 1546 1794 1635 necelsario
1819 1551 2073 1664 algebraicam
2105 1552 2179 1639 elle
2208 1556 2364 1641 aliunde

969 1666 1187 1775 constaret)
1217 1666 1510 1753 determinanda
1529 1660 1647 1767 esset,
1676 1664 1720 1760 id
1741 1665 1855 1751 aliam
1878 1683 1948 1779 per
1963 1670 2220 1771 methodum,
2244 1702 2363 1785 quam

967 1784 1289 1883 Mercurialium,
1305 1786 1445 1871 huicve
1463 1786 1679 1897 analogum,
1698 1780 1796 1866 effici
1811 1780 1915 1894 polle
1925 1787 1991 1869 vix
2003 1810 2150 1899 putem.
2165 1784 2361 1901 Equidem

967 1900 1192 1989 acutissimus
1207 1896 1428 1989 CRAIGI
1438 1924 1470 1990 υ
1480 1926 1524 2002 s,
1547 1903 1588 1985 in
1611 1902 1707 1985 novi
1723 1894 1777 1983 sui
1794 1894 1997 1985 Tradimus
2015 1901 2078 1985 De
2094 1908 2322 2015 quadraturis
2334 1907 2361 1960 ἥ

841 2034 846 2042 “
965 2046 1070 2107 auno
1107 2037 1208 2127 '1693
1238 2018 1399 2133 impreffi
1423 2020 1546 2131 prima
1569 2041 1704 2131 parte,
1736 2021 1921 2128 proponit
1946 2017 2175 2105 methodum
2199 2050 2270 2133 pto
2298 2024 2360 2108 di·

966 2134 1171 2226 metiendis
1196 2134 1324 2251 figuris
1348 2137 1597 2251 algebraicis‚
1630 2160 1789 2247 quarum
1806 2132 2045 2245 quadmtices
2066 2130 2150 2220 sunt
2172 2138 2357 2251 algebrai·

964 2283 1041 2343 caet
1059 2282 1143 2365 quae
1164 2252 1394 2354 methodus,
1423 2250 1616 2338 beneficio
1635 2251 1908 2365 aequationum,
1923 2280 2018 2364 quas
2038 2263 2229 2337 eminenter
2245 2268 2356 2341 corrri-

962 2396 1084 2454 rrerttes
1106 2371 1296 2482 appellat,
1327 2399 1397 2484 per
1422 2396 1669 2454 communem
1692 2362 1984 2467 Geometriam,
2016 2399 2156 2485 nempe
2169 2401 2239 2483 per
2247 2402 2359 2459 com·

990 2489 1203 2571 arationem
1224 2490 1498 2587 terminorum,
1529 2511 1639 2570 more
1662 2482 1865 2591 Cartesteno
1884 2486 2117 2587 institutam,
2150 2492 2355 2601 peragitur.

963 2656 967 2663 ·
1010 2628 1145 2688 amum
1174 2628 1304 2691 autem
1330 2606 1462 2705 abest,
1493 2628 1538 2687 ut
1558 2603 1626 2687 illa
1647 2599 1691 2684 stt
1709 2602 1925 2713 generalis,
1970 2627 2021 2684 ut
2035 2602 2184 2688 infinita
2215 2606 2355 2695 dennu

794 2760 798 2771 ·
964 2722 1166 2833 exempla,
1196 2722 1247 2806 ad
1273 2744 1357 2835 quae
1377 2715 1416 2807 le
1439 2746 1521 2806 non
1550 2716 1739 2804 extendit.
1784 2716 1909 2805 Ratio
1931 2720 2009 2816 est,
2039 2722 2131 2832 quia
2143 2725 2258 2809 tacite
2268 2719 2354 2837 sup-

963 2840 1102 2953 ponit,
1134 2838 1348 2949 quamlibet
1369 2831 1625 2951 quantitatem
1646 2832 1966 2931 differentium,
1998 2834 2168 2923 affetum
2203 2844 2353 2953 quanti-

963 2979 1046 3041 tate
1069 2952 1237 3067 quadam
1253 2956 1490 3054 irrationali,
1530 2953 1673 3037 habere
1706 2950 1773 3061 <st
1798 2950 1908 3064 quod
1936 2950 2120 3061 habeat)
2151 2984 2224 3067 pro
2253 2959 2353 3045 inte.

959 3070 1079 3186 gerii,
1102 3070 1168 3156 vel
1186 3064 1460 3176 summarorio,
1479 3068 1748 3184 ¹quantitatem
1771 3068 1910 3167 aliam,
1941 3096 2025 3180 quae
2054 3066 2259 3157 necelsario
2294 3072 2350 3161 af·

937 3244 940 3269 2
960 3188 1060 3274 festa
1081 3183 1124 3269 stt
1134 3183 1274 3271 eadem
1291 3189 1506 3299 qtuntitate
1526 3183 1758 3273 irrationalis
1788 3213 1840 3269 ex
1862 3213 1943 3296 quo
1966 3182 2182 3299 ingeniosus
2199 3190 2352 3276 Aether

957 3306 999 3392 iu
1021 3295 1334 3417 subsequentibus
1358 3301 1564 3413 figurarum
1582 3298 1887 3414 quadrabilitatis
1904 3300 2150 3387 conditiones
2176 3304 2351 3395 deduce·

956 3451 1000 3509 re
1029 3421 1125 3503 nur.
1185 3414 1232 3503 ln
1252 3416 1422 3505 eundem
1452 3417 1555 3501 adeo
1593 3417 1772 3526 impingit
1801 3444 1992 3516 errorem,
2024 3448 2141 3531 quem
2160 3424 2201 3505 in
2219 3426 2298 3509 alio
2324 3432 2349 3523 †

954 3534 1176 3650 redarguit,
1206 3538 1303 3646 qued
1328 3534 1412 3644 (ut
1429 3534 1592 3644 propriis
1613 3531 1743 3615 verbis
1762 3533 1874 3642 utar)
1904 3563 1951 3615 ex
1966 3534 2042 3643 stra
2075 3536 2235 3624 methodo
2243 3546 2345 3653 figur

953 3684 1036 3743 rem
1056 3658 1244 3766 aliquem,
1266 3673 1526 3765 quadraturam
1556 3652 1777 3759 indqfrtr'ttm
1815 3650 1972 3757 recrfire
2009 3656 2194 3765 toncltsst,
2226 3658 2345 3769 ptiust

824 3822 827 3833 ·
953 3796 1065 3889 quem
1082 3766 1337 3877 demerrstraffrt
1353 3768 1556 3852 methodum
1564 3767 1676 3875 fitam
1701 3770 1756 3850 td
1774 3774 2048 3879 omnesfigrrrat
2063 3775 2242 3885 indefinite
2252 3807 2342 3889 qua-

954 3890 1110 3974 arabiles
1138 3892 1336 3975 extendere.

1012 4006 1202 4095 Subtilem
1220 4008 1359 4104 etiem,
1390 3996 1456 4118 sed
1477 4003 1715 4115 pariternon
1736 4004 1957 4115 generalem
1973 4002 2149 4107 modum,
2177 4010 2218 4093 in
2229 4014 2340 4121 poste.

933 4134 1039 4219 ,riori
1060 4121 1171 4206 Perre
1195 4118 1249 4208 sui
1271 4118 1466 4207 Tretletrts
1498 4120 1616 4205 tradit
1648 4120 1900 4235 irwestigandi
1932 4122 2190 4235 quadranices
2224 4122 2344 4213 nans-

952 4240 1188 4341 tendentes,
1217 4240 1284 4327 vel
1322 4238 1436 4354 quod
1474 4236 1617 4323 eodem
1651 4236 1817 4336 recidit,
1852 4237 2063 4327 reducendi
2094 4240 2346 4356 quadraturae

950 4355 1221 4481 spationmad
1242 4354 1483 4450 ertenfiones
1501 4382 1724 4444 curvantm:
1744 4349 1811 4444 sed
1828 4383 1945 4470 quam
1964 4359 2098 4472 ingens
2113 4353 2342 4569 suppultppdi

953 4528 959 4535 ·
1435 4510 1445 4529 ·
2114 4521 2120 4530 ·
2295 4508 2342 4567 ot

979 4740 1200 4819 '‘maaum
1220 4750 1470 4830 Mutantur,
1498 4754 1534 4815 de
1557 4748 1730 4831 rtrum
1748 4745 2186 4837 cumbumpultum,
2214 4750 2254 4829 ἒξ
2273 4752 2339 4815 oro

944 4838 1119 4923 geometricis·
1145 4840 1257 4903 auore
1271 4832 1358 4909 lou.
1385 4834 1539 4898 ctare.
1560 4836 1604 4909 4⁰.
1629 4832 1751 4897 londini
1770 4840 1856 4912 ¹⁶9³·
2222 4878 2228 4893 .

948 5006 953 5015 .
1004 4953 1580 5025 tumuetseunnrtusrn.
1603 4933 1859 5017 Suutautemhic
1878 4948 2107 5033 ulegataverba
2127 4950 2274 5033 desumpta
2296 4969 2336 5015 ex

944 5031 1071 5106 eiusdem
1088 5035 1105 5112 J
1116 5055 1175 5101 011.
1197 5034 1362 5099 cruror
1387 5038 1511 5098 methodo
1523 5037 1686 5116 figrmmhrt
1705 5037 1787 5097 lineis
1810 5034 1889 5099 ttt‘lt'r
1907 5036 1948 5113 &i
1968 5039 2063 5099 erm
2081 5029 2340 5111 tmtprednesm

942 5120 1127 5189 ‘imfirma
1144 5118 1368 5195 deterrumum
1388 5120 1434 5195 4⁰.
1454 5114 1546 5183 lond.
1568 5126 1655 5197 1⁶85·
1671 5136 1737 5199 pag.
1757 5126 1807 5194 38.·
