5500 6884
961 898 1039 973 1⁴50
1098 862 1179 957 rt.
1209 856 1414 951 xxvut.
1442 862 1530 949 on
1552 854 1918 953 olumnam
1943 855 2276 959 naamam

870 1039 932 1097 “x
955 1044 1110 1104 mentum
1140 1028 1312 1116 veritatis,
1337 1025 1385 1101 lin
1411 1028 1523 1101 minus
1544 1052 1602 1122 pet
1629 1054 1681 1103 me
1705 1028 1833 1125 ipsum,
1857 1056 1915 1127 pet
1940 1031 2021 1105 alios
2051 1050 2186 1122 tamen,
2212 1036 2269 1129 qui
2282 1058 2363 1125 mag

957 1127 1006 1225 gii
1021 1125 1201 1202 'abundant
1218 1128 1312 1215 otio,
1331 1138 1581 1222 promoveatur.
1767 1212 1771 1221 g
1945 1220 1947 1225 ,
2013 1222 2016 1225 Ι

1008 1215 1037 1301 l.
1065 1228 1119 1302 Ex
1143 1228 1204 1299 irae
1228 1252 1308 1321 ergo
1328 1250 1511 1299 curvarum
1535 1208 1644 1321 geneli
1677 1252 1735 1320 pet
1757 1224 1851 1301 focus
1876 1229 2044 1317 intellexi,
2070 1241 2189 1325 praeter
2217 1226 2365 1303 unicam‘

957 1328 994 1401 δι
1013 1322 1283 1420 fimpliciliimam
1302 1327 1520 1421 Hugmianam
1545 1326 1798 1413 evolutionem,
1824 1326 1896 1399 dati
1918 1328 2108 1401 innumeras
2129 1330 2229 1417 alias,
2254 1330 2352 1401 itaut

984 1423 1118 1497 uaeltbet
1139 1449 1242 1497 curva
1266 1421 1405 1495 infinitis
1432 1421 1528 1517 poffit
1551 1422 1657 1496 modis
1681 1424 1819 1511 evolvi,
1845 1424 2089 1519 sequanturque
2120 1429 2197 1499 hinc
2223 1427 2352 1500 dimen-

957 1448 1066 1597 dones
1086 1541 1266 1616 curvarum
1296 1520 1435 1593 infinitis
1466 1521 1596 1609 modis,
1622 1540 1660 1595 ut
1688 1524 1753 1597 alio
1778 1538 1926 1617 tempore
1951 1524 2090 1597 ostendi.
2140 1522 2293 1621 Perspexi
2316 1548 2349 1595 e·

960 1613 1065 1710 tiam,
1088 1618 1192 1716 ipsam
1225 1618 1405 1713 spatiorum
1435 1612 1698 1693 curvilineorum
1736 1618 1976 1695 dimenfionem
2007 1622 2241 1717 gene‘ralillime
2273 1622 2352 1697 irinc

958 1720 1203 1805 derivandam,
1228 1722 1319 1791 &ea
1345 1718 1479 1810 quidem
1503 1720 1651 1817 tatione,
1678 1744 1752 1811 quae
1778 1720 1960 1794 admodum
1993 1718 2130 1815 iimplex
2158 1721 2226 1809 est,
2256 1725 2288 1795 &
2313 1724 2351 1795 in

957 1844 1029 1913 qua
1054 1816 1229 1912 lingularia
1248 1816 1318 1887 haec
1342 1830 1534 1888 occurrunt.
1565 1812 1614 1891 1⁰.
1645 1818 1707 1891 Uti
1735 1836 1856 1907 notum
1880 1820 2179 1913 pervulgatumque
2196 1818 2243 1891 est
2256 1870 2268 1906 ,
2284 1817 2353 1915 spa-

958 1918 1088 1992 'tiorum
1111 1916 1320 1988 circularium
1347 1911 1567 1987 dimensiones
1593 1912 1720 1987 absolui
1747 1917 1849 1989 dudlu
1874 1918 1970 1989 lineae
1996 1914 2164 2007 cujusdam
2188 1920 2287 1990 redtae
2315 1919 2352 1990 in

957 2030 1074 2089 arcum
1102 2014 1237 2092 circuli:
1259 2014 1306 2084 ita
1323 2010 1548 2084 universaliter
1573 2014 1636 2084 hoc
1658 2010 1764 2107 ipsum
1790 2014 1947 2087 omnibns
1970 2016 2130 2110 competit
2147 2016 2256 2108 [petiis
2279 2040 2353 2088 urar-

962 2116 1111 2200 ailineis,
1136 2130 1175 2185 ut
1196 2108 1314 2184 seilicet
1337 2102 1402 2183 sant
1430 2110 1559 2205 aqualia
1581 2112 1729 2203 produlia
1748 2112 1881 2198 alicttjut
1904 2115 1988 2186 redde
2012 2120 2048 2186 in
2069 2139 2177 2185 arcum
2199 2138 2301 2187 curve
2319 2141 2353 2185 a·

958 2214 1099 2301 licteus,
1123 2228 1368 2328 occurruntque
1395 2209 1447 2281 hic
1470 2210 1611 2303 plurima
1631 2211 1781 2330 circulari
1807 2208 2004 2330 dimenlioni
2025 2212 2183 2327 analoga..
2200 2208 2239 2289 2⁰
2271 2218 2353 2285 Cut-

960 2308 1671 2501 i‘amll‘lli‘sslllfflll
1690 2308 1943 2509 illailla
1955 2334 2355 2503 ‚llillnllllaltl

958 2506 1058 2582 valde
1080 2504 1318 2585 notabilest&
1348 2506 1386 2577 in
1416 2505 1487 2591 lais,
1511 2504 1602 2598 quod
1625 2506 1737 2577 multia
1764 2506 1827 2578 erit
1851 2508 2122 2602 inexpectatum,
2146 2532 2249 2580 nerva
2277 2533 2353 2601 quo-

958 2632 1023 2701 que
1041 2605 1118 2695 futat
1141 2603 1338 2689 mechanica,
1363 2628 1444 2697 quas
1470 2606 1753 2677 Cantemus
1778 2628 1824 2677 ex
1849 2607 2042 2679 Geometria
2057 2628 2244 2699 perperam,
2266 2608 2355 2677 utin

960 2700 1121 2777 Medicina
1148 2709 1259 2775 menas
1290 2703 1376 2773 clare
1397 2701 1559 2797 probavi,
1599 2702 1803 2790 eliminavit,
1837 2728 1978 2796 quarum
2003 2704 2143 2797 proinde
2169 2700 2246 2775 usus
2277 2704 2355 2775 hinc

959 2801 1109 2873 redditur
1131 2800 1167 2873 in
1189 2801 1382 2873 Geometria
1404 2798 1618 2875 manifestior.
1648 2796 1708 2889 3⁰..
1723 2808 1836 2874 Curua
1860 2802 1943 2889 illa,
1965 2826 2022 2897 per
2052 2826 2132 2897 quas
2156 2798 2347 2876 mensurata·

960 2910 1022 2973 'tur
1044 2899 1167 2991 reliqua
1200 2896 1325 2992 spacia,
1351 2905 1386 2969 in
1410 2899 1506 2971 lineat
1528 2901 1626 2971 retias
1649 2898 1786 2985 abeunt,
1821 2925 1891 2973 cum
1910 2901 2046 2993 spatium
2071 2900 2204 2995 aliquod
2223 2898 2356 2991 abludat

956 2998 1001 3087 est
1020 2996 1211 3092 maille.
1240 2998 1340 3071 Unde
1352 2994 1446 3069 facile
1472 3021 1514 3069 ex
1535 2994 1602 3092 ipsa
1625 2994 1733 3091 genefi
1749 2998 1923 3093 dijudicari
1942 2998 2063 3094 potest,
2088 3018 2203 3072 utrum
2221 2998 2358 3091 aliquod

957 3094 1109 3193 'spatium
1125 3093 1315 3188 quadrabile
1339 3092 1391 3182 lit,
1407 3119 1468 3167 nec
1491 3118 1543 3168 ne.
1592 3096 1775 3169 Detivatur
1807 3118 1939 3191 quoque
1965 3098 2067 3185 inde,
2091 3095 2212 3190 figuras
2235 3094 2357 3171 danim

962 3217 1037 3270 non
1056 3195 1230 3287 admittere
1249 3194 1506 3291 quadraturam,
1530 3194 1676 3289 intellige
1694 3194 1924 3278 ordinariam,
1949 3198 1984 3268 id
1996 3196 2087 3289 quod
2106 3192 2269 3267 consentit
2277 3218 2355 3267 cum

959 3294 1025 3465 {lt
1050 3292 1510 3484 izizldlllltlss
1519 3290 2103 3471 lllltillllrdffilll,
2118 3291 2356 3465 {tillidi

961 3417 1206 3663 ralquqoqafferri
1230 3489 1402 3583 exempla,
1426 3512 1500 3581 quat
1534 3486 1691 3567 videntur
1716 3488 1870 3583 quidem,
1906 3418 2096 3567 nullitenus
2128 3506 2241 3565 tamen
2278 3416 2358 3563 sitin

962 3614 985 3664 Ὁ
1016 3608 1091 3662 llae.

980 3757 983 3766 .
1010 3688 1063 3765 Ut
1098 3702 1212 3761 autern
1236 3696 1331 3761 mens
1352 3698 1426 3761 mea
1446 3702 1488 3763 eo
1518 3690 1633 3763 melius
1654 3687 1752 3784 poliit
1783 3677 1946 3785 intelligi,
1972 3690 2151 3786 exemplu,
2175 3688 2269 3783 quod
2286 3688 2354 3761 dic·-

786 3754 1036 3911 §.ffiff‘tum
1057 3786 1103 3861 est
1121 3785 1303 3862 illustrabo.
1354 3788 1404 3863 Sit
1426 3784 1545 3883 elliplis
1568 3790 1743 3876 AFGE,
1764 3793 1939 3884 sumtoque
1964 3790 2081 3877 radio,
2116 3788 2234 3883 aequali
2267 3784 2356 3861 senti-

787 3892 884 4009 pq,
943 3886 1125 3963 ‘diametro
1145 3888 1294 3973 minori,
1324 3884 1526 3961 describatur
1558 3912 1600 3959 ex
1621 3902 1736 3961 centro
1776 3886 2101 3963 Coircumferentia
2123 3888 2189 3961 BF
2201 3890 2235 3961 D
2247 3936 2259 3973 ,
2282 3904 2356 3959 tan·

888 3977 897 3994 ’
965 3990 1107 4082 dentque
1122 4011 1183 4082 pro
1202 3987 1310 4061 lubitu
1337 3986 1478 4059 ducatur
1498 4010 1540 4058 ex
1564 3988 1593 4061 G
1614 3988 1703 4059 reeta
1722 3988 1796 4060 CG
1808 4038 1821 4073 ‚
1846 3990 1881 4061 &
1901 3988 1980 4061 HG
2002 3988 2151 4081 parallelo
2182 3988 2271 4071 AB,
2301 3984 2350 4057 di·

964 4090 1137 4179 corotico
1184 4086 1256 4158 lum
1279 4108 1323 4157 ex
1344 4086 1434 4157 reeta
1454 4085 1574 4159 AEin
1594 4108 1708 4157 arcum
1730 4084 1924 4158 circularem
1946 4086 2027 4160 HD
2062 4078 2354 4178 effesempetqua·

964 4182 1121 4279 druplum
1148 4185 1266 4257 edictis
1289 4182 1423 4277 elliptici
1447 4184 1521 4257 GG
1537 4184 1588 4263 Ee
1614 4206 1652 4257 at
1678 4184 1819 4277 proinde
1839 4185 1904 4257 hoc
1921 4184 2025 4256 modo
2061 4180 2155 4255 facile
2167 4183 2303 4274 spatium
2312 4182 2358 4254 ei·

962 4264 1150 4381 d‘pticuain
1161 4282 1287 4376 aquis
1295 4282 1567 4373 partetexpeoallu
1585 4280 1840 4375 Cdt'aidipotul.
1858 4284 1953 4355 Idem
1966 4280 2097 4355 obtinet
2104 4282 2142 4355 in
2151 4278 2307 4373 parabola
2323 4282 2357 4355 ὰ

964 4374 1198 4481 hyperbolen
1214 4382 1262 4456 lu'e
1277 4381 1412 4467 omnia,
1425 4400 1464 4454 at
1476 4380 1583 4473 decet,
1594 4380 1822 4475 adplicenture
1844 4406 1881 4455 ea
1893 4392 2005 4455 tamen
2018 4404 2096 4453 cum
2107 4372 2305 4465 diffitenda,
2317 4394 2358 4451 ut

962 4471 1247 4579 quemadmodum
1259 4480 1295 4553 in
1308 4476 1433 4575 ellipli,
1456 4496 1557 4574 prout
1569 4479 1638 4572 jam
1664 4480 1835 4566 vidimus,
1861 4476 2061 4553 dimetienda
2075 4476 2247 4551 adhibetur
2262 4500 2357 4551 arctet

959 4590 1073 4657 curvat
1107 4580 1275 4656 circularis
1308 4581 1415 4669 HD,
1451 4578 1525 4653 talis
1563 4600 1699 4665 curvae,
1722 4578 1780 4652 ubi
1811 4578 1970 4651 normalis
2005 4580 2050 4651 ad
2076 4596 2268 4672 tangentem
2306 4570 2355 4649 est

954 4672 1136 4775 constant,
1157 4678 1213 4753 seu
1239 4680 1325 4753 datae
1345 4683 1442 4753 tedlae
1464 4677 1618 4770 etqualis3
1642 4678 1689 4751 ita
1714 4678 1750 4751 in
1779 4675 1963 4772 hyperbola
1987 4676 2136 4771 qualibet
2161 4673 2355 4748 mensuran-

959 4776 1002 4850 da
1021 4766 1225 4855 adhibendus
1247 4775 1287 4851 lit
1309 4803 1403 4851 arcus
1431 4800 1565 4863 curva,
1587 4777 1622 4847 in
1642 4800 1708 4871 qua
1733 4794 1871 4871 tangens
1883 4773 1950 4869 ipsa
1970 4774 2018 4849 est
2032 4774 2212 4861 constans,
2235 4772 2290 4847 seu
2303 4774 2357 4847 da·

960 4892 1005 4966 tae
1032 4878 1128 4947 reetae
1154 4878 1287 4970 aequalis
1299 4925 1310 4961 ‚
1334 4877 1483 4971 adeoque
1500 4899 1635 4960 curvae,
1658 4899 1731 4968 quat
1751 4900 1794 4949 ex
1814 4893 1925 4948 ment·
1948 4870 2050 4948 Gna
2069 4896 2095 4948 τ
2109 4894 2209 4947 esu
2230 4870 2358 4945 utmo-

959 4973 1123 5053 cltunicat
1144 4974 1184 5047 in
1205 4974 1360 5071 parabola
1383 5002 1465 5050 voro
1497 4976 1560 5049 alia
1587 4988 1715 5061 curva,
1753 4972 1811 5047 ubi
1840 4974 1997 5047 normalis
2028 4972 2070 5047 ud
2093 4968 2358 5143 tangentem?

2290 5092 2358 5165 ιρι

1048 5171 1160 5251 *alet
1178 5174 1327 5251 neena
1344 5181 1488 5264 Praecpta
1505 5184 1647 5253 teum
1667 5180 1729 5249 tit.
1750 5182 1775 5251 t
1793 5169 1868 5249 θεὰ»
1887 5165 1936 5249 vl.
1957 5174 2064 5249 tam
2087 5190 2134 5263 aa.
