5500 6884
602 847 982 952 APPENDIX,
1015 851 1080 944 De
1103 849 1224 946 Maru
1236 879 1405 975 perpetuo
1427 861 1631 976 arrrfict’ali.
1769 893 1828 980 43

435 1023 483 1119 G
505 1025 557 1116 ad
580 1021 615 1116 l.
637 1027 885 1143 graviorirad
904 1029 1118 1128 leviorem,
1138 1023 1283 1139 deinde
1309 1028 1386 1115 illis
1407 1032 1609 1143 permbttit
1625 1030 1831 1143 impleamur

434 1144 633 1234 vasculum
659 1139 703 1232 A
728 1141 775 1232 D
802 1141 919 1262 usque
937 1145 988 1232 ad
1009 1139 1067 1232 A.
1098 1141 1198 1232 Hoc
1210 1143 1312 1230 farto
1324 1142 1490 1233 sumatur
1509 1151 1630 1234 tubus
1648 1153 1830 1264 utrinque

434 1287 592 1378 apertus
616 1259 716 1365 EF,
739 1266 821 1372 ejus
849 1264 1128 1382 longitudinis,
1152 1286 1196 1350 ut
1218 1261 1263 1346 fit
1292 1258 1337 1349 A
1357 1258 1425 1350 C:
1455 1260 1610 1352 EF>
1646 1299 1669 1352 2
1702 1261 1762 1352 L:
1786 1261 1835 1356 G

431 1389 488 1480 :l-
512 1379 572 1475 L;
595 1383 706 1490 hujus
728 1408 825 1468 veto
847 1382 933 1466 tubi
950 1379 1141 1468 orificium
1166 1379 1322 1466 inferius
1340 1379 1372 1468 F
1393 1381 1632 1483 obstruatur,
1664 1384 1731 1468 vel
1756 1389 1832 1496 po'·

436 1501 514 1584 tius
539 1498 783 1598 obducatur,
803 1581 805 1584 ,
826 1497 958 1601 filtro,
988 1501 1054 1584 vel
1081 1500 1156 1584 alla
1194 1502 1352 1585 materia
1383 1501 1577 1614 quadam,
1610 1494 1836 1586 secernente

439 1615 632 1730 liquorem
653 1617 842 1702 leviorem
863 1642 887 1702 a
909 1618 1076 1736 gravlori
1102 1619 1121 1727 (
1149 1644 1234 1730 quae
1264 1645 1334 1730 per
1355 1617 1449 1730 hyp.
1480 1649 1518 1722 5.
1553 1619 1672 1703 etiam
1705 1620 1833 1728 potest
1961 1678 1965 1684 ·

440 1733 599 1826 laberis
628 1731 823 1843 >tandem
848 1734 965 1820 tubus
986 1735 1065 1820 hoc
1087 1730 1213 1819 modo
1234 1759 1386 1845 paratus
1408 1733 1554 1850 liquori
1585 1735 1835 1845 immergatur

433 1845 558 1964 usque
576 1849 630 1935 ad
647 1848 811 1939 fundum
822 1847 965 1936 vasculi
987 1847 1108 1945 CDr
1129 1848 1221 1938 dico
1232 1908 1245 1951 ,
1267 1853 1462 1966 liquorem
1482 1850 1675 1937 continuo
1686 1879 1755 1962 per
1767 1873 1835 1955 tu·

435 1965 484 2057 bi
502 1965 690 2052 orificium
710 1965 742 2056 F
765 1963 1001 2056 ascensurum
1013 2031 1028 2074 ‚
1056 1977 1100 2055 δι
1122 1995 1191 2084 per
1210 1969 1402 2058 orificium
1428 1962 1464 2054 Ε
1491 1971 1534 2065 in
1558 1962 1770 2079 subjeetum
1782 1965 1834 2053 li·

429 2108 606 2202 guorem
629 2080 904 2206 probpsurum.

755 2253 1543 2416 oamousrnnr1o.'
1724 2235 1731 2244 ’

441 2597 445 2619 ι
501 2549 615 2663 Qria
632 2551 718 2639 tubi
736 2552 934 2643 orificium
950 2551 981 2642 F
998 2555 1211 2644 obdutlum
1238 2559 1294 2645 est
1310 2538 1678 2669 filtro(perconstt.
1693 2545 1837 2669 )quod

440 2671 636 2784 liquorem
665 2671 898 2762 leviorema
924 2665 1302 2788 gravioriseccrnitr
1339 2668 1535 2788 sequitur,
1558 2693 1630 2770 ut,
1669 2665 1836 2755 fitubus
1910 2704 1913 2711 ¹

440 2787 688 2904 immergatur
713 2787 765 2876 ad
787 2789 952 2877 fundum
968 2793 1134 2892 vasculi,
1158 2791 1289 2906 liquor
1316 2785 1567 2895 solummodo
1586 2787 1735 2888 levior,
1766 2787 1836 2901 qui

438 2907 609 3020 graviori
630 2905 686 2990 est
702 2907 917 3010 immistus,
939 2935 1009 3021 per
1037 2908 1182 2996 filtrum
1198 2911 1240 2996 in
1271 2908 1412 2996 tubum
1435 2901 1639 2994 ascendere
1658 2903 1835 3000 debeat,

438 3025 484 3106 δι
507 3019 670 3132 quidem
701 3015 872 3132 eousque
895 3022 993 3107 ultra
1018 3016 1254 3136 superficiem
1291 3023 1497 3109 ambientis
1531 3022 1693 3133 liquoris
1728 3019 1839 3220 (ρα
1953 3078 1955 3081 -

439 3135 538 3248 hyp.
563 3135 632 3244 2.)
670 3129 926 3233 ascenderet,
958 3159 1003 3221 ut
1034 3135 1127 3226 esset
1158 3135 1285 3224 ACt
1322 3135 1525 3224 EFzz
1552 3130 1781 3242 LrG-l-¹
1824 3161 1837 3216 t

443 3252 536 3366 quia
569 3277 667 3335 vero
705 3251 817 3364 (per
850 3249 1022 3361 constr)
1057 3247 1193 3340 AC:
1227 3249 1359 3346 EF>
1391 3286 1413 3340 2
1446 3247 1517 3338 L:
1548 3245 1739 3350 G÷L,
1768 3273 1840 3334 ne·

443 3361 539 3452 cesse
558 3366 612 3452 est
641 3368 737 3478 (per
764 3365 857 3478 hyp.
881 3365 951 3475 3.)
979 3389 1023 3450 ut
1041 3368 1172 3480 liquor
1201 3368 1355 3468 levior,
1383 3397 1453 3482 per
1475 3363 1665 3452 orificium
1682 3359 1741 3466 E,
1764 3356 1841 3450 sese

363 3551 365 3556 .
443 3484 680 3570 exoneretin
698 3475 892 3568 vasculum
909 3475 1140 3592 subjeetum,
1162 3483 1298 3599 ibique
1317 3481 1451 3573 denuo
1464 3511 1554 3568 cum
1567 3480 1736 3596 graviori
1745 3508 1842 3566 con·

444 3602 650 3714 jungatur,
675 3606 716 3682 δι
740 3599 845 3712 (per
863 3597 956 3712 hyp.
981 3600 1056 3708 4.)
1086 3593 1287 3694 misceatur
1312 3599 1363 3686 de
1385 3629 1518 3692 novor
1543 3599 1612 3712 qui
1638 3597 1755 3698 deitt,
1771 3624 1842 3710 pe·

445 3716 634 3802 netrando
652 3713 820 3816 filtrum,
841 3716 882 3800 in
900 3715 1040 3832 tubum
1061 3711 1183 3802 rursm
1202 3709 1412 3819 ascendat,
1438 3719 1656 3827 iterumque
1682 3739 1752 3826 per
1782 3709 1840 3796 su-

446 3836 574 3950 perius
600 3831 794 3926 orificium,
814 3831 1039 3946 expellant.
1098 3829 1165 3918 Sic
1183 3833 1316 3953 itaque
1339 3839 1463 3944 fluxus
1485 3829 1772 3943 continuabitur
1799 3827 1842 3912 in

445 3977 686 4070 renerum·
732 3945 950 4064 (aw-
1116 4063 1118 4070 ψ
1241 3955 1251 3966 ”
1367 3953 1387 4003 '·
1796 3953 1800 3964 '

934 4171 1207 4294 cono
1238 4107 1364 4308 leurs

508 4411 621 4502 Hinc
640 4377 851 4505 commode
869 4409 982 4504 reddi
1003 4413 1130 4526 potest
1150 4347 1285 4520 ratio,
1318 4391 1527 4530 eur'aqua,
1558 4440 1609 4500 ex
1638 4411 1733 4496 mari
1753 4421 1848 4524 proi

449 4531 574 4622 firndo
600 4532 651 4620 ad
669 4529 812 4620 summa
830 4530 946 4650 usque
972 4535 1171 4622 cacumina
1193 4535 1387 4632 montium
1403 4535 1543 4650 jugiter
1566 4523 1844 4631 ascendendo,
2034 4573 2040 4584 ·

451 4679 504 4738 ex
523 4651 567 4734 iis
593 4645 780 4738 saltuatim
798 4676 1021 4765 prorumpat
1049 4657 1091 4738 δι
1119 4651 1321 4742 renuendo
1349 4645 1417 4736 sub
1456 4649 1583 4738 sonna
1605 4647 1845 4752 fluminum,

450 4761 492 4854 se
515 4765 690 4852 refundat
709 4771 749 4853 in
769 4765 1003 4870 Oceanum,
1028 4767 1155 4887 sicque
1169 4763 1333 4857 Natura
1345 4767 1462 4855 nobis
1493 4762 1728 4876 Perpetuum
1750 4763 1850 4850 srstat

451 4879 628 4973 Mobile.
689 4881 812 4987 Hoc,
838 4890 1019 5002 inquam,
1045 4903 1127 4972 no'n
1152 4887 1256 4972 bene
1280 4886 1472 5000 explicant
1490 4883 1570 4983 illi,
1596 4883 1667 4996 qui
1685 4882 1846 4982 dicunt,

450 5001 622 5097 tandem
646 5001 703 5091 ob
730 4999 877 5112 caussam
897 5031 1038 5123 aquam
1059 5033 1110 5095 ex
1132 5006 1228 5102 mati
1246 5005 1287 5090 in
1312 5001 1508 5100 sublimius
1528 4997 1618 5089 serti
1645 5025 1716 5113 per
1737 5018 1848 5081 tetrrt

1148 5119 1179 5208 F
1241 5156 1264 5210 2
1702 5135 1849 5227 potos,¹
