5500 6884
982 753 1067 836 300
1230 705 1468 802 N⁰·s.III.
1531 710 2203 806 DISSERTATIO

980 884 1116 1001 possim
1148 904 1333 1000 uuumtu
1345 941 1359 981 ,
1391 885 1459 996 qui
1476 881 1761 998 hmilitudinem
1775 882 1878 970 adeo
1897 884 2108 984 abhorres,
2140 883 2208 998 ipst
2226 885 2377 996 adjudi·

981 1005 1087 1089 cabis
1116 1004 1157 1086 in
1186 995 1463 1086 resurrectionis
1494 999 1599 1085 die?
1631 1030 1706 1119 ego
1737 998 1824 1088 sane
1850 1003 1928 1086 hoc
1960 1003 2207 1115 beneplacito
2242 1005 2377 1092 divino

842 1137 847 1142 ’
981 1125 1260 1235 relinqueremr
1289 1145 1560 1232 quemcunque
1574 1121 1677 1202 enim
1701 1119 1767 1232 ipsi
1791 1119 1966 1221 dederit,
1998 1119 2076 1206 five
2090 1115 2271 1220 effusum,
2304 1125 2378 1208 srve

982 1240 1221 1336 restitutum,
1251 1236 1329 1320 sive
1358 1238 1475 1322 alium
1505 1239 1708 1350 quemvis,
1739 1239 1807 1350 qui
1837 1267 1886 1324 ex
1911 1237 2029 1322 oculo
2060 1239 2129 1322 iiio
2158 1234 2378 1324 insenfibili-

983 1377 1043 1442 ter
1072 1354 1291 1452 emanavit,
1323 1347 1468 1466 semper
1494 1351 1562 1466 ipst
1593 1347 1699 1469 suum
1731 1353 1903 1445 dedente
1963 1357 2026 1436 uia
2058 1355 2268 1468 aliquando
2297 1353 2379 1444 suus

975 1501 1117 1563 revera
1151 1471 1236 1558 suit.
1298 1465 1543 1557 Confirmare
1579 1471 1656 1555 hoc
1689 1471 1845 1556 ulterius
1870 1384 2051 1584 possem,
2081 1472 2193 1584 ipsius
2220 1475 2378 1584 JoM,

981 1619 1102 1705 quem
1134 1613 1213 1673 tam
1244 1591 1345 1673 male
1381 1583 1559 1674 adversus
1589 1619 1653 1674 me
1687 1591 1891 1701 allegant,
1932 1591 2185 1698 testimonio;
2249 1591 2380 1675 uando

984 1735 1067 1792 non
1090 1736 1170 1790 uno
1189 1709 1231 1789 in
1260 1708 1353 1790 loco
1384 1709 1631 1818 conqueritur
1661 1707 1711 1790 de
1734 1701 1999 1790 consumtione
2022 1707 2190 1789 carnium
2219 1619 2376 1807 sutorum,

976 1830 1062 1938 pedi
1090 1857 1190 1923 mea,
1218 1825 1446 1908 lamentatur
1472 1821 1577 1906 haud
1599 1824 1733 1935 procul
1763 1849 1786 1906 a
1816 1823 1908 1906 loco
1936 1825 2083 1922 citato,
2108 1822 2285 1906 adherent
2310 1828 2378 1935 offa

986 1972 1085 2034 mear
1115 1943 1356 2052 recuperavit
1379 1965 1508 2024 autem
1528 1940 1732 2052 perfossam
1759 1933 1957 2024 sanitatem
1988 1969 2076 2023 cum
2105 1941 2262 2053 reliquis
2293 1970 2379 2026 cor-

985 2061 1092 2172 poris
1117 2058 1255 2157 bonis,
1279 2057 1419 2171 quibus
1441 2053 1557 2142 Deus
1579 2059 1688 2142 illum
1717 2059 1848 2168 postea
1870 2057 2009 2170 largius
2040 2055 2195 2156 beavit,
2220 2085 2378 2170 recupe-

985 2177 1085 2261 ravit
1107 2205 1202 2290 ergo
1232 2201 1379 2259 novam
1408 2202 1587 2282 carnem,
1614 2200 1757 2258 novam
1783 2177 1954 2286 corporis
1976 2168 2378 2276 substantiam,‘adeo-

884 2323 888 2328 ’
986 2323 1066 2406 que
1087 2295 1205 2406 priori
1230 2321 1319 2375 non
1350 2291 1514 2377 eandem
1546 2287 1610 2376 sed
1642 2291 1822 2382 surrilemr
1855 2297 1895 2374 δι
1925 2315 2053 2374 tamen
2085 2291 2214 2374 dicere
2250 2293 2378 2404 potuit

988 2411 1190 2518 JoBUS,
1222 2409 1268 2502 ἀ
1288 2420 1328 2490 in
1341 2441 1420 2492 mea
1440 2437 1546 2490 carne
1558 2407 1684 2492 videbo
1697 2408 1821 2492 Deum
1834 2443 1847 2485 .·
1879 2433 2040 2521 utraque
2066 2411 2171 2492 enim
2193 2403 2379 2510 suaerat,

989 2527 1093 2614 adeo
1118 2553 1161 2612 ut
1184 2528 1240 2614 nii
1267 2522 1405 2612 referat
1417 2586 1431 2628 ,
1463 2549 1587 2616 utram
1614 2520 1729 2612 Deus
1748 2525 1957 2640 aliquando
1981 2517 2183 2614 resuscitet.

1601 2751 1776 2850 XXV.

1049 2995 1220 3088 Novum
1249 2995 1402 3083 interim
1431 3023 1512 3082 non
1542 2993 1621 3100 est,
1654 3019 1697 3084 ut
1728 3021 1880 3116 eaque
1902 2983 2099 3082 successive
2128 2999 2168 3081 δι
2192 2987 2380 3086 insensibi-

913 3117 918 3124 ’
988 3113 1078 3202 liter
1098 3110 1307 3202 secundum
1335 3111 1578 3202 substantiam
1608 3141 1823 3218 mutantur,
1853 3141 2042 3200 vocentur
2072 3141 2201 3201 tamen
2228 3121 2378 3214 eadm,

990 3232 1172 3320 simodo
1196 3229 1359 3320 eandem
1389 3233 1548 3347 figuram
1578 3241 1618 3320 δι
1642 3231 1806 3318 formam
1829 3237 2039 3322 reuiueantr
2065 3236 2118 3318 ita
2142 3237 2246 3318 enIm
2274 3236 2378 3316 insa·
2520 3229 2522 3320 r

991 3345 1066 3432 luit
1093 3353 1307 3434 communis
1336 3380 1422 3436 mos
1456 3352 1668 3464 loquendi,
1700 3354 1767 3464 qui
1796 3351 2021 3464 plerumque
2044 3353 2233 3462 originem
2266 3352 2381 3435 habet

990 3467 1043 3550 ab
1073 3465 1390 3668 imperiraplebe
1421 3493 1445 3552 a
1476 3463 1641 3552 sensibus
1673 3469 1805 3552 omnia
1828 3464 2057 3572 deducente.
2117 3461 2229 3552 Hinc
2253 3465 2381 3554 Navis

992 3584 1114 3682 olim,
1143 3610 1222 3696 qua
1297 3605 1502 3674 Husuus
1531 3580 1653 3670 salvus
1674 3585 1724 3670 ab
1737 3585 1986 3698 expeditione
1999 3583 2188 3684 redierat,
2219 3611 2381 3698 quotque

992 3703 1033 3786 in
1063 3724 1244 3786 aternam
1272 3703 1329 3786 rei
1357 3703 1470 3814 gesto
1498 3701 1725 3790 memoriam
1756 3705 1823 3788 diu
1862 3697 1964 3788 adeo
2007 3697 2301 3804 asservabatur,
2340 3723 2381 3784 ut

991 3811 1144 3904 suffossa
1166 3819 1284 3907 toties
1313 3848 1420 3905 nova
1442 3821 1627 3920 materia,
1658 3824 1805 3930 rejectis
1837 3811 1982 3930 semper
2009 3816 2187 3906 asseribus
2216 3819 2380 3905 vetustt-

993 3959 1035 4020 te
1060 3938 1281 4049 corruptis,
1311 3939 1380 4024 vix
1418 3962 1495 4024 una
1532 3941 1702 4024 alterave
1741 3937 1873 4023 tabula
1903 3933 1953 4020 de
1983 3938 2178 4022 veteribus
2207 3965 2381 4022 remane·

992 4075 1078 4151 ret,
1108 4053 1283 4158 ejusdem
1304 4079 1435 4141 tamen
1456 4053 1586 4144 Navis
1607 4049 1824 4142 Tflesel
1846 4081 1989 4138 nomen
2008 4081 2197 4167 perpetuo
2209 4053 2383 4168 gerebat.

992 4159 1054 4256 Ita
1075 4195 1235 4281 quoque
1256 4199 1316 4257 res
1338 4200 1498 4272 omnes,
1522 4201 1608 4287 quae
1633 4169 1700 4256 usu
1730 4179 1772 4257 δι
1794 4197 1970 4284 tempore
1996 4174 2180 4282 paulatim
2202 4173 2385 4257 deterun-

993 4311 1078 4388 uu,
1109 4281 1257 4370 detritae
1287 4315 1530 4401 reparantur,
1560 4285 1708 4374 eaedem
1736 4287 1945 4381 habenturr
1971 4293 2147 4400 quamvis
2178 4293 2243 4374 vix
2270 4289 2386 4372 mini·

876 4411 880 4419 ’
994 4432 1100 4490 mum
1122 4405 1284 4516 pristine
1311 4407 1476 4492 materie
1506 4399 1658 4520 superfit
1665 4441 1677 4501 ς
1707 4415 1748 4492 δι
1777 4397 1863 4492 sane
1893 4405 2034 4492 eodem
2064 4412 2177 4522 pacto
2208 4401 2386 4494 sehabet
2497 4451 2501 4462 ·

995 4547 1083 4603 cum
1107 4550 1154 4606 co
1200 4551 1269 4611 ore
1298 4523 1467 4612 hominis
1483 4551 1783 4639 ceterorumque
1805 4527 2047 4624 animalium,
2074 4521 2186 4638 quod
2199 4523 2381 4638 quidem,

890 4735 894 4741 .
994 4633 1073 4720 hoc
1093 4553 1198 4722 soth
1300 4645 1377 4744 ari,
1407 4643 1483 4730 stne
1497 4673 1615 4728 omne
1633 4639 1855 4730 difficultate
1873 4637 2019 4752 semper
2034 4643 2128 4726 idem
2148 4643 2225 4728 dici
2245 4643 2382 4756 potesis

994 4777 1036 4838 at
1065 4749 1194 4842 finon
1214 4787 1303 4851 cum
1320 4765 1470 4880 vttlgo,
1493 4757 1560 4857 sed
1575 4755 1862 4880 philosophice,
1888 4753 1955 4846 sed
1975 4760 2153 4876 physice,
2178 4755 2386 4894 secundum

2328 4903 2389 4962 ret
