5500 6884
1041 585 1150 798 ’,ᾖ
1200 675 1280 770 Ne.
1306 665 1418 761 xc,
1450 659 1553 754 nn·
1580 653 1784 750 Moru
1820 637 2315 738 naunotonuar

1039 863 1213 940 currant,
1241 836 1319 922 five
1338 835 1412 918 alia
1437 825 1614 944 quaedanr
1644 824 1775 906 locum
1805 813 2011 904 obuncat,-
2039 838 2125 897 eam
2154 837 2255 898 nunc
2289 803 2422 920 suppa¹

1038 966 1188 1060 nimus,
1219 982 1300 1040 non
1323 951 1581 1062 explicamusr
1618 957 1747 1053 neque
1768 934 1893 1018 etiarn
1914 957 2030 1043 quam
2061 929 2250 1012 rationem
2287 927 2426 1009 habeat

1038 1090 1157 1194 [quae
1186 1073 1320 1185 utique
1348 1062 1440 1152 elset
1465 1057 1679 1172 composrta
1706 1081 1755 1138 ex
1788 1049 1980 1160 duplicata
2001 1046 2239 1144 velocitatis,
2275 1049 2317 1127 lle
2349 1043 2424 1126 sun

1038 1197 1131 1307 plici
1153 1191 1294 1288 medii,
1324 1184 1390 1268 vel
1421 1179 1526 1264 fluidi
1549 1174 1763 1268 densitatis,
1791 1167 1950 1250 srtertia
1978 1165 2147 1248 anobis
2173 1160 2345 1244 indicata
2374 1191 2426 1244 re-

1040 1311 1209 1395 srstentiae
1240 1297 1348 1390 causa
1368 1299 1662 1390 admitteretur]
1697 1313 1768 1402 pro
1791 1307 1898 1367 certo
1919 1279 2078 1366 definire
2111 1280 2308 1362 volumus.
2356 1274 2424 1360 Le·

1040 1443 1179 1540 ‘gantur
1201 1451 1284 1538 quae
1315 1417 1367 1504 de
1398 1443 1444 1502 ea
1479 1405 1692 1522 conscripsit
1716 1403 1848 1508 illustr.
1878 1395 2210 1484 [mu-murus
2250 1395 2291 1478 in
2324 1395 2425 1476 Ario

1039 1544 1142 1658 Lipfl
1163 1537 1220 1626 A.
1264 1549 1394 1636 1689,
1427 1557 1514 1644 pag.
1539 1557 1590 1636 39
1608 1517 1735 1634 &seq
1767 1581 1778 1604 .
1803 1517 1871 1600 ubi
1895 1514 1945 1600 de
1975 1513 2191 1599 mediorum
2215 1511 2427 1599 resistentis

1038 1657 1268 1754 acutiffime,
1299 1680 1370 1765 pro
1403 1675 1512 1733 more
1551 1639 1649 1742 suo,
1691 1549 1890 1724 dilleruit:
1936 1627 2023 1748 Ego
2060 1659 2155 1716 vero
2190 1629 2426 1742 propositum

1039 1805 1170 1861 meum
1196 1755 1768 1876 mathematice-prosecuturus,
1794 1749 2037 1838 resistentiam
2063 1741 2216 1861 ejusque
2240 1751 2436 1833 tationem.

1040 1893 1081 1983 in
1110 1891 1295 1976 abstracto
1325 1879 1591 1968 considerabo.

1632 2081 1839 2178 X:XV;

1506 2271 1812 2372 Tarson.
1872 2263 1977 2358 IV„

862 2510 1031 2610 'naulum
1100 2495 1183 2607 Esto
1213 2522 1331 2578 terve
1350 2511 1558 2608 quacunque
1586 2485 1675 2572 LC
1678 2485 1721 2570 K
1730 2497 1741 2586 '‚
1770 2515 1879 2598 quam
1898 2511 2041 2598 corpus,
2065 2491 2114 2565 vi
2128 2487 2342 2592 gravitatis
2363 2509 2434 2558 nm-

883 2597 945 2675 fig„
972 2611 998 2676 3⁸
1033 2627 1189 2728 formis,
1220 2610 1325 2698 libere
1358 2606 1544 2720 describit,
1580 2609 1750 2690 iai-medio
1778 2633 1982 2718 quocunque
2012 2603 2203 2712 reſsstrnte:
2236 2597 2308 2682 Vis
2339 2625 2436 2706 quarn

1045 2744 1160 2819 exerit
1180 2739 1360 2844 gravitas
1372 2727 1574 2836 secundnm
1594 2727 1787 2806 normalem
1818 2725 2042 2806 aed‘caervaem
2059 2709 2204 2830 [quam
2228 2717 2310 2796 idco
2340 2743 2436 2794 voca·

1044 2849 1088 2934 bo
1116 2853 1198 2934 vim
1232 2844 1427 2965 gravitatis
1460 2839 1696 2935 normalem]
1726 2849 1794 2922 erit
1822 2865 1864 2924 ur
1884 2841 1988 2951 finus
2012 2823 2135 2946 anguli
2171 2829 2311 2920 GCS,
2347 2853 2436 2942 quen

1046 2977 1142 3052 reaia
1178 2995 1330 3050 curvam
1363 2970 1567 3070 contingens
1603 2957 1681 3044 CS
1710 2961 1886 3062 constituit
1924 2987 2006 3044 cum
2033 2955 2221 3036 direliiine
2237 2957 2435 3060 gravitatis

1047 3083 1089 3168 C
1093 3083 1136 3167 G
1141 3121 1154 3162 .·
1191 3085 1260 3169 Vis
1285 3107 1428 3178 aurern,
1466 3105 1576 3190 quam
1601 3086 1715 3158 exerti
1735 3075 1934 3182 stcunditm
1967 3095 2170 3181 tangentem
2202 3072 2342 3180 [quam
2371 3067 2433 3146 ider

1046 3199 1180 3280 vocabo
1198 3201 1279 3280 vim
1309 3193 1507 3307 gravitatis
1534 3189 1913 3306 tangentialemlest
1942 3212 1985 3273 ut
2025 3218 2106 3270 inus
2137 3175 2291 3300 ejttsdem
2323 3184 2431 3295 agal:

1049 3309 1289 3422 complementi
1319 3308 1409 3394 GC
1413 3307 1465 3391 Ο.

1109 3425 1388 3516 Damousr
1401 3447 1447 3510 R.
1478 3423 1537 3509 Sit
1566 3417 1657 3516 CZ
1677 3422 1835 3508 directio
1856 3429 1895 3507 ur
1916 3424 2105 3538 quantitas
2127 3419 2351 3534 gravitatis,
2372 3438 2432 3525 (pn

1047 3573 1189 3662 corpus
1221 3568 1401 3658 urgetur,
1435 3539 1528 3626 dum
1555 3543 1609 3626 est
1637 3545 1675 3626 in
1700 3533 1754 3628 C.
1816 3537 1875 3626 Ex
1897 3545 2038 3658 punito
2062 3533 2102 3622 Z
2129 3560 2263 3650 agatur
2285 3557 2428 3648 perpen-

1048 3664 1227 3750 dicularis
1253 3659 1348 3749 ZX
1374 3663 1413 3743 in
1441 3665 1580 3742 retiam
1598 3653 1698 3743 CO
1723 3655 1935 3746 normalem
1958 3656 2019 3740 ad*
2038 3682 2204 3739 curram.
2251 3647 2316 3737 Ex
2349 3643 2431 3733 telo

1047 3781 1197 3866 lotione
1218 3783 1357 3861 virium
1381 3802 1513 3888 patet,
1545 3777 1626 3858 vim
1648 3775 1843 3886 gravitatis
1872 3769 1982 3874 CZ,
2007 3799 2121 3888 quam
2144 3771 2298 3884 ubique
2322 3770 2437 3852 datam

1046 3889 1112 3981 seu
1142 3895 1378 3981 constantem
1409 3888 1606 4004 suppone,
1652 3885 1790 3976 resolvi
1818 3891 1859 3974 in
1880 3887 1981 3976 'duas
2013 3889 2253 3975 collaterales
2282 3883 2382 3970 CX
2409 3888 2441 3964 ἃ

1047 4009 1168 4112 XZ',
1199 4037 1359 4126 quatum
1392 4009 1470 4102 illa,
1490 4008 1668 4120 exprimit
1695 4011 1776 4115 ejus
1794 4019 1875 4090 vim
1898 4013 2116 4104 normalem,
2145 4006 2226 4087 haec
2255 4005 2445 4108 teroejus

1050 4133 1331 4242 tangentiaelem:
1364 4121 1483 4210 sumta
1511 4128 1643 4236 itaque
1662 4119 1752 4208 CZ
1778 4153 1848 4236 pro
1881 4123 1959 4209 finu
1983 4149 2099 4222 toto,
2132 4123 2203 4206 erit
2224 4115 2329 4204 CX
2358 4120 2446 4202 srnus

1050 4249 1181 4364 anguli
1213 4240 1360 4330 CZX
1399 4237 1462 4328 seu
1492 4235 1646 4332 ZCS;
1673 4247 1713 4322 δε
1738 4237 1838 4326 ΖΧ
1875 4243 1947 4324 etit
1974 4241 2070 4326 smus
2107 4239 2239 4352 anguli
2271 4231 2450 4329 lex,

1050 4369 1119 4475 qui
1138 4357 1307 4475 ejusdem
1347 4359 1770 4472 ellcomplementum:
1796 4353 1893 4445 sunt·
1909 4385 2009 4471 ergo·
2038 4357 2138 4442 vires
2163 4355 2237 4440 illae
2264 4355 2312 4438 in
2337 4357 2452 4438 ratio·

1051 4501 1103 4562 ne
1131 4483 1268 4565 horum
1300 4478 1456 4562 srnuum.
1518 4478 1579 4586 Q²
1602 4471 1649 4558 E.
1681 4473 1738 4557 Da

1113 4588 1360 4684 COROLL.
1393 4593 1433 4680 Si
1468 4589 1647 4680 Gravitas
1671 4619 1751 4676 non
1786 4587 1830 4673 fir
1855 4589 1967 4692 data,
1998 4585 2060 4676 seu
2098 4617 2183 4673 non
2215 4587 2454 4674 uniformis.

1050 4730 1164 4799 esunt
1200 4719 1301 4791 vires
1338 4711 1533 4824 gravitatis
1565 4711 1768 4805 normales,
1802 4713 1910 4790 ut&
1938 4711 2194 4817 tangentiales,
2227 4707 2269 4790 in
2305 4711 2462 4792 ratione

1047 4821 1442 4951 -cpmposttaillorurn
1467 4825 1612 4924 sinuum
1646 4830 1686 4908 δι
1720 4823 1940 4946 quantitatis
1973 4821 2179 4923 absoluta,
2214 4851 2341 4937 quam
2377 4848 2456 4940 gra-

1779 4985 1782 4991 ·
2369 4964 2462 5026 erras
