5500 6884
684 832 801 926 ua
851 827 1487 928 aurarrtoua.
1709 869 1788 968 2„
1872 831 1879 842 ’

386 1007 533 1105 beant,
563 995 746 1102 musculi,
777 1000 910 1100 nervi,
942 1004 1063 1104 cutis,
1091 998 1315 1096 cerebrum,
1342 1001 1442 1090 ossa:
1467 1029 1574 1120 patet
1596 1009 1714 1096 etiarn
1743 1041 1795 1098 ex

385 1149 444 1209 eo
467 1120 551 1210 solo
567 1116 679 1234 quod
702 1119 897 1231 particulae
923 1141 1003 1201 tarn
1037 1123 1138 1204 arde
1172 1117 1377 1206 filamentit
1408 1127 1608 1230 uniantur,
1640 1129 1791 1242 replen-

388 1240 450 1325 do
473 1234 742 1323 accuratiffine
768 1237 903 1320 alveos
926 1237 1068 1348 quibus
1090 1237 1357 1337 intruduntur,
1388 1265 1455 1327 eas
1484 1241 1668 1331 filamenti
1697 1273 1792 1330 con·

388 1355 594 1444 sistentiam
619 1359 661 1438 de
687 1376 862 1436 naturam
886 1349 1071 1453 induere,
1096 1353 1200 1440 adeo
1227 1379 1272 1472 ut
1295 1356 1407 1439 nullo
1430 1357 1495 1441 hic
1515 1362 1666 1473 glutino
1694 1389 1794 1474 opue

392 1471 438 1558 fit
460 1471 511 1558 ad
534 1495 677 1558 neraun
700 1467 954 1568 firmandum,
984 1471 1168 1586 nullaque
1197 1470 1379 1558 ficulmtc
1402 1475 1565 1565 elediva
1592 1483 1632 1564 δι
1659 1475 1793 1564 alsrmi·

393 1591 526 1674 dativa.
1624 1587 1630 1596 '

1050 1811 1157 1907 xl.
1251 1907 1255 1914 ,

454 2049 692 2144 Notandum
717 2073 860 2164 portu,
888 2047 1001 2166 qnod
1028 2047 1123 2136 dum
1147 2048 1341 2138 radicibus
1365 2052 1651 2148 filamenturun
1682 2079 1796 2148 nove
1870 2129 1885 2162 „

397 2173 590 2288 particule
626 2191 903 2284 apponuntur,
943 2168 1002 2251 ltae
1044 2162 1304 2281 precedentes
1330 2186 1422 2258 ant'e
1454 2171 1492 2262 se
1524 2177 1794 2288 'protrudant,

398 2289 529 2375 donec
552 2289 608 2372 ita
635 2313 720 2400 quae
741 2284 860 2372 radici
887 2286 965 2392 jam
992 2288 1200 2398 proxima,
1236 2311 1345 2372 certo
1368 2295 1561 2404 temporis
1587 2295 1795 2380 intervallo

391 2406 451 2490 ad
473 2399 726 2490 summitatem
738 2401 986 2514 perveniant,
1015 2401 1067 2486 ad
1089 2427 1207 2517 qtram
1226 2402 1294 2488 ubi
1312 2433 1593 2517 pervenerunt,
1626 2411 1676 2495 ab
1698 2411 1795 2492 airis

396 2525 616 2609 aliorumve
641 2545 848 2632 corporum
871 2517 1125 2603 ambientium
1146 2517 1322 2605 frictione
1346 2521 1593 2610 abraduntur.
1635 2521 1795 2610 interim

358 2729 368 2744 ,
399 2632 497 2724 nihil
517 2633 704 2750 impedit,
732 2661 815 2748 quo
844 2636 971 2719 minus
1009 2634 1127 2720 etiam
1152 2633 1328 2750 quadam
1359 2641 1552 2750 particulae
1582 2669 1632 2725 ex
1667 2642 1797 2725 lateri·

397 2757 474 2842 bus
491 2753 775 2840 silunentorum
791 2750 1049 2862 abripiantur,
1078 2759 1120 2836 de
1138 2751 1242 2866 quast
1261 2753 1463 2840 abluantur
1481 2757 1536 2841 ab
1566 2757 1728 2842 hrtmore
1749 2756 1798 2839 il·

395 2867 445 2959 io
462 2870 514 2956 {in
539 2867 743 2955 interstitiis
761 2863 1046 2954 lilautentorum
1074 2867 1324 2972 decurrente,
1349 2898 1444 2956 cum
1469 2900 1551 2988 quo
1577 2875 1643 2962 vel
1663 2875 1702 2958 in
1715 2865 1794 2956 san.

393 2989 560 3104 guinem
571 3009 818 3074 revertuntur
825 3045 840 3085 ,
860 2985 927 3069 vel
947 2986 990 3068 in
1010 3009 1117 3072 auras
1130 2988 1302 3072 avolant.
1362 2983 1416 3074 Et
1437 2989 1526 3074 hinc
1545 2989 1610 3072 illa
1631 2989 1798 3101 partium

394 3105 577 3217 corporis
610 3105 793 3220 continua
822 3099 1034 3213 dilsrpatior
1062 3129 1141 3216 qua
1160 3131 1243 3188 non
1271 3104 1470 3204 obstante,
1504 3129 1643 3218 corpus
1668 3097 1801 3188 crescit

400 3219 591 3338 quamdiu
641 3221 740 3307 lurer
767 3217 959 3335 particular
976 3217 1169 3304 radicibus
1186 3218 1470 3308 filamentorum
1481 3223 1804 3335 'agglutinanntff-

402 3365 524 3453 quam
549 3365 572 3419 a
611 3335 873 3429 ummitatrbus
895 3331 1111 3422 eorundem
1137 3334 1403 3421 divelluntur:
1437 3335 1479 3420 id
1506 3337 1617 3449 quod
1638 3340 1678 3421 in
1701 3335 1802 3420 ado·

403 3450 584 3542 lescentia
598 3454 759 3554 accidit,
786 3451 945 3566 quando
959 3453 1168 3552 nimirum,
1197 3452 1252 3548 ob
1275 3455 1436 3538 mollem
1461 3452 1588 3538 udhuc
1611 3457 1651 3538 δι
1675 3455 1802 3538 laxam

397 3575 571 3686 partium
595 3563 859 3666 substantiam,
888 3571 1080 3678 particulae
1099 3572 1262 3654 nutritie
1282 3567 1429 3654 facilius
1451 3577 1492 3654 dc
1512 3569 1702 3684 copiosius
1725 3596 1805 3684 poe

399 3691 460 3772 ria
478 3685 696 3801 infiguntur.
755 3675 900 3769 Media
923 3709 1059 3783 atate,
1090 3707 1154 3768 tot
1174 3708 1467 3800 praeterpropter
1488 3689 1681 3801 particulae
1698 3677 1801 3770 subs-

407 3807 619 3902 tituuntur,
649 3822 753 3915 quot
781 3800 832 3884 ab
857 3800 978 3885 altera
1004 3821 1113 3913 parte
1147 3801 1409 3914 abripiunturr
1442 3802 1546 3888 unde
1571 3829 1709 3914 corpus
1728 3800 1800 3882 aii-

409 3917 581 4036 quaudiu
600 3915 645 4000 'in
671 3917 807 4030 aquali
829 3919 936 4002 mole
959 3909 1215 4003 conservatur.
1275 3914 1354 4002 Sed
1376 3917 1417 4002 in
1440 3912 1652 4016 senectute,
1678 3936 1800 4028 quan-

408 4037 467 4124 do
492 4039 580 4148 pori
605 4031 814 4120 densrlsrme
832 4036 1013 4118 coarctati
1037 4029 1144 4136 stutt,
1174 4032 1369 4118 filamenta
1397 4033 1463 4116 vix
1498 4036 1706 4146 quicquam
1725 4047 1795 4116 nu'·

405 4153 581 4240 nineni
602 4147 841 4249 adntittunt,
872 4150 967 4234 dum
998 4152 1153 4235 interim
1177 4152 1437 4236 extremitates
1460 4152 1539 4234 aiei
1568 4145 1697 4236 aliisve
1717 4173 1803 4234 cor-

412 4270 574 4384 poribus
610 4265 787 4378 eaposrtae
824 4269 1012 4349 continuo
1042 4289 1279 4369 atteruntur,
1318 4264 1599 4382 humidumque
1618 4259 1805 4380 quicquid

405 4388 470 4472 ⁴cll
498 4382 724 4473 exsecraturr
757 4407 839 4496 quo
865 4386 977 4494 padio
1006 4383 1125 4496 longe
1160 4385 1246 4495 plus
1273 4379 1479 4468 absumitur
1514 4411 1631 4498 quam
1662 4381 1804 4466 tellau·
1842 4415 1844 4422 >

411 4527 548 4588 tatur:
580 4501 669 4586 hinc
691 4498 910 4612 frequenter
934 4499 1083 4582 accidit
1104 4499 1216 4615 quod
1245 4498 1361 4585 valde
1383 4499 1592 4613 decrepiti,
1624 4525 1705 4581 nun
1727 4517 1808 4580 tant

405 4619 581 4717 morbo,
613 4643 730 4732 quam
756 4617 865 4701 lento
888 4611 1062 4729 quodam
1082 4611 1267 4701 merasmo
1291 4617 1489 4716 emaciari,
1524 4613 1601 4700 sme
1623 4615 1705 4700 ullo
1726 4605 1810 4698 sen·
1868 4633 1872 4642 ’

408 4731 457 4819 su
485 4733 632 4820 doloris
659 4735 942 4848 extinguantur.
973 4728 1176 4819 Praevideo
1198 4735 1462 4841 objectionem
1484 4757 1601 4845 quam
1622 4731 1708 4846 quis
1730 4757 1804 4814 no-

335 4907 344 4914 ·
415 4852 479 4938 bis
498 4850 624 4937 facere
646 4845 792 4964 posset,
822 4847 1016 4942 dicendor
1053 4845 1094 4934 si
1118 4849 1312 4934 filamcnta
1330 4851 1370 4932 in
1390 4852 1590 4956 juventute
1607 4844 1691 4933 sunt
1707 4847 1809 4930 mol·

408 4968 517 5055 ‘dora
547 4994 664 5083 quam
684 4969 730 5051 'in
758 4960 972 5068 sentuno,
999 4990 1043 5052 ut
1064 4966 1310 5187 ἰζῇτὲεἱρξτε
1338 4964 1478 5082 pulsnt
1499 4961 1701 5078 parituras
1737 4957 1812 5182 tetta:
