5500 6884
508 852 588 947 re.
602 846 697 942 ux.
714 839 1122 964 QuAnnAmnA
1150 846 1458 943 zouAnuM
1478 814 1735 945 merom.
1771 886 1848 973 333

451 1022 869 1133 ht(6xx·-3aeae):
902 1019 1848 1137 (tax—6a):[obx:21]}aun·

452 1140 504 1225 de
534 1135 732 1251 sequitur,
760 1132 857 1222 facila
873 1166 979 1221 x:
1000 1167 1088 1233 za,
1112 1130 1175 1221 seu
1194 1134 1314 1221 sumta
1339 1134 1383 1221 A
1396 1138 1535 1252 KZ:
1551 1139 1655 1241 AF,
1671 1138 1846 1255 segmen.

453 1282 535 1341 tum
566 1250 848 1367 cycloidicum,
880 1252 991 1365 quod
1021 1253 1098 1337 hoc
1127 1248 1211 1338 casu
1244 1254 1455 1369 degenerat
1496 1259 1534 1339 in
1577 1254 1736 1371 spatium
1780 1291 1847 1375 cy·

454 1372 592 1458 cloidis
623 1370 771 1468 totale,
802 1368 945 1452 habere
975 1362 1083 1455 suum
1112 1396 1284 1456 centrum
1314 1374 1510 1486 gravitatis
1540 1373 1678 1457 distans
1708 1404 1731 1457 a
1758 1406 1847 1461 ver·
1978 1366 1984 1373 ’

454 1490 530 1573 tice
559 1482 629 1585 A,
655 1496 743 1594 ξι,
772 1478 835 1568 seu
857 1494 900 1593 ἦ
925 1486 1045 1569 totius
1071 1484 1247 1573 diametri
1269 1491 1399 1575 circuli
1423 1492 1659 1603 generatoris
1667 1523 1681 1581 ,-
1707 1497 1746 1573 δι
1769 1494 1847 1575 hoc

454 1608 610 1691 unicum
638 1599 712 1687 else
745 1603 927 1685 omnium·
950 1596 1233 1715 segmentorum
1263 1612 1485 1707 rectorum,
1527 1611 1634 1713 cujus
1674 1629 1847 1691 centrum

453 1722 671 1839 gravitarit,
693 1716 998 1829 independenter
1027 1719 1077 1803 ab
1108 1722 1185 1806 ulla
1214 1723 1466 1835 quadratura,
1493 1721 1536 1806 srt
1556 1722 1786 1837 alfignabile.

513 1832 663 1921 Eadem
702 1834 893 1919 methodo
934 1834 960 1918 st
1003 1862 1228 1948 quaeratur,
1261 1866 1435 1953 quaenam
1465 1842 1595 1949 portio
1626 1868 1750 1922 curva
1779 1867 1845 1953 cy.-

455 1954 630 2039 cloidalis
656 1946 769 2050 AB,
802 1945 984 2036 conversa
1015 1954 1112 2037 circa
1142 1981 1253 2037 axem
1298 1951 1434 2053 AK,
1470 1948 1658 2036 describat
1687 1950 1846 2065 superfi-

455 2074 555 2156 ciem
585 2066 843 2167 conoidcam,
874 2069 1083 2152 habentem
1114 2096 1286 2155 centrum
1361 2072 1513 2153 avitatis
1539 2068 1846 2182 algebtaice'do·

454 2187 718 2285 terminabile,
752 2185 959 2297 reperietur
990 2188 1156 2285 iterum,
1185 2181 1285 2272 AK
1326 2187 1532 2269 umendam
1558 2184 1633 2271 else
1658 2190 1845 2300 aqualem

454 2300 562 2391 AF:
600 2328 717 2407 atque
750 2324 840 2385 tunc
875 2328 1047 2385 centrum
1077 2300 1275 2415 gravitatis
1311 2296 1553 2415 superficiei,
1589 2330 1613 2384 a
1646 2299 1845 2414 Cycloide

452 2444 540 2504 tota
559 2412 701 2504 ABE
733 2412 831 2503 circa
860 2445 971 2502 axem
997 2414 1081 2505 AF
1111 2412 1329 2528 descriptae,
1360 2418 1496 2502 distare
1525 2446 1549 2501 a
1585 2422 1730 2505 vertice
1760 2415 1843 2520 A,
1929 2462 1933 2482 ·

454 2531 626 2647 ςΑΗ,
653 2529 715 2617 seu
745 2552 771 2645 q
801 2537 880 2618 axis
910 2538 1029 2620 totius
1055 2531 1159 2625 AFr
1193 2538 1234 2617 dc
1261 2533 1310 2616 stc
1340 2560 1474 2644 praeter
1501 2536 1685 2645 integram
1717 2532 1846 2645 super·

401 2666 404 2671 '
455 2650 581 2739 ficiem
608 2650 795 2763 cycloidis
819 2652 917 2735 circa
942 2678 1053 2736 axem
1082 2644 1297 2751 converse,
1329 2652 1445 2737 aliam
1475 2652 1674 2765 partialem
1702 2646 1845 2751 nullam

456 2768 536 2855 dari
566 2764 723 2882 quaefito
746 2762 1054 2879 respondentem.

516 2882 646 2993 Quod
674 2882 702 2969 st
730 2913 826 2969 vero
855 2884 960 2969 idem
988 2885 1199 2997 postuletur
1224 2914 1295 2997 pro
1333 2879 1416 2997 ipso
1452 2885 1650 2985 conoide,
1685 2880 1727 2969 id
1756 2888 1843 2986 est,

454 3031 528 3116 pro
564 2994 687 3083 solido
716 2994 899 3113 segmenti
920 3003 1011 3085 recti
1045 3002 1142 3087 circa
1164 3028 1276 3085 axem
1307 3001 1504 3095 convetlir
1528 2998 1843 3113 respondentem

455 3115 530 3203 else
550 3119 711 3200 omnino
732 3114 1018 3229 irnpolhbilem:
1048 3116 1189 3229 smgula
1203 3119 1305 3201 enim
1325 3119 1481 3207 istorum
1500 3114 1711 3201 solidorum
1730 3131 1746 3217 (
1757 3118 1844 3199 nul·

453 3234 496 3320 lb
523 3260 715 3343 excepto,
747 3244 765 3337 l
791 3258 833 3316 ut
862 3238 901 3315 δι
919 3257 1052 3317 totum
1075 3231 1295 3333 conoides,
1325 3236 1392 3319 vel
1420 3234 1551 3345 potius
1573 3228 1844 3343 semisphaeroi-

453 3350 523 3435 des
547 3344 713 3447 EAG,
745 3351 864 3432 centri
893 3349 1087 3461 gravitatis
1111 3348 1472 3434 determinationem
1494 3379 1575 3435 non
1598 3349 1844 3451 admittunt,

453 3466 521 3551 nih
546 3462 701 3549 alhtmta
722 3464 948 3579 quadratura
968 3466 1124 3563 circuli,
1155 3466 1221 3549 vel
1250 3465 1487 3551 dimenfione
1507 3494 1615 3551 arcus
1642 3466 1843 3551 circulatis.

512 3578 703 3681 Interim,
744 3583 854 3696 quod
892 3580 1143 3666 memorabile
1176 3582 1263 3683 est,
1305 3582 1437 3667 inveni
1466 3577 1650 3667 seciorem
1680 3578 1845 3667 solidum

455 3694 654 3797 IBAD,
686 3700 753 3811 qui
780 3726 917 3809 nempe
937 3700 1058 3781 oritur
1078 3726 1125 3780 ex
1149 3697 1401 3783 converfione
1419 3692 1571 3785 sectoris
1594 3700 1698 3809 plani
1728 3695 1747 3780 l
1754 3694 1843 3784 AB

456 3820 556 3900 circa
576 3842 689 3898 axem
711 3808 809 3913 AI,
839 3816 907 3927 qui
926 3816 1059 3897 unicus
1084 3814 1138 3897 est
1152 3814 1252 3898 inter
1281 3814 1453 3899 infinitos
1475 3818 1572 3897 alios
1584 3872 1599 3911 ,
1629 3816 1736 3917 cujus
1751 3841 1841 3905 cen-

453 3958 557 4016 trum
582 3932 776 4044 gravitati's
797 3925 864 4013 sub
886 3933 1114 4043 potestatem
1142 3930 1394 4043 algebtaicam
1423 3930 1549 4013 cadit:
1583 3956 1729 4041 quem,
1759 3958 1843 4015 non

453 4049 659 4145 obstante,
689 4046 799 4160 quod
817 4047 880 4128 hic
893 4048 1121 4133 methodum
1147 4075 1272 4131 meam
1296 4050 1461 4130 maxima
1480 4068 1587 4158 parte
1615 4049 1842 4158 aperuerim,

456 4162 731 4249 inveniendum
759 4160 885 4247 Fratri
905 4192 1098 4274 propono.
1162 4161 1313 4275 Quaero
1334 4166 1466 4277 itaque
1486 4163 1537 4245 ab
1558 4157 1669 4273 ipso,
1695 4166 1782 4273 quis
1795 4164 1844 4248 il-

456 4283 494 4365 le
513 4280 557 4365 stt
576 4274 695 4364 scotor
715 4280 848 4391 planus
867 4273 1007 4377 AlB,
1035 4282 1102 4391 qui
1129 4302 1276 4364 rotatus
1298 4283 1399 4365 circa
1420 4274 1497 4363 Al
1521 4278 1634 4361 saciat
1659 4273 1843 4365 seciorem

455 4392 645 4495 solidum,
669 4399 708 4477 in
728 4424 809 4509 quo
831 4392 875 4476 stt
888 4418 1061 4477 centrum
1078 4398 1274 4507 gravitatis
1294 4396 1557 4509 independens
1576 4396 1625 4479 ab
1650 4395 1728 4476 ulla
1747 4396 1843 4505 qua·

456 4514 609 4597 drotum
627 4514 693 4595 vel
713 4509 1013 4600 rectificatione;
1043 4512 1120 4595 hoc
1139 4512 1250 4625 quod
1272 4542 1294 4597 a
1317 4542 1380 4596 me
1400 4514 1601 4621 praestitum
1625 4511 1691 4595 est.
1739 4508 1843 4599 Non

455 4631 747 4741 provocationis
765 4622 898 4726 causa,
930 4627 1054 4711 multo
1075 4628 1199 4711 minus
1228 4628 1280 4713 ad
1297 4628 1593 4713 ostentationem
1611 4623 1679 4736 ipsr
1696 4654 1842 4739 propo·

456 4744 566 4829 sttutn
588 4746 712 4836 volo;
741 4740 806 4827 sed
836 4768 1014 4842 tantum,
1047 4768 1088 4827 ut
1119 4744 1174 4827 illi
1206 4744 1258 4828 de
1278 4740 1494 4849 hujusmodi
1512 4743 1678 4825 inventis
1706 4745 1843 4856 benig·

430 4880 434 4889 '
454 4863 541 4945 nius
571 4854 704 4947 sentire
721 4854 848 4945 ansamv
868 4856 1133 4973 suppeditemr
1156 4860 1182 4943 li
1204 4858 1306 4947 sorte
1323 4863 1363 4946 in
1386 4861 1464 4947 hoc
1487 4860 1574 4979 plus
1601 4862 1750 4974 negotii
1773 4861 1848 4955 deff.

451 4978 730 5093 prehenderit,
761 5003 878 5093 quant
890 4980 1008 5069 initio
1031 5001 1244 5093 putaverat.

1203 5088 1295 5183 Tt
1352 5124 1381 5208 3⁴
1648 5088 1843 5190 Ceterum
