5500 6884
835 673 1112 874 avitu,
1280 667 1950 862 RUFI-GR

834 983 1150 1133 losophicam
1173 945 1376 1106 nterim,
1400 991 1456 1094 δι
1479 1017 1664 1096 ιιοιιιιιι
1692 984 1938 1096 omnibus
1963 988 2056 1106 est
2076 984 2309 1096 &abun

833 1144 898 1252 de
924 1139 1138 1251 declarat
1160 1141 1261 1256 iste,
1279 1176 1438 1316 quent
1464 1147 1517 1249 in
1544 1139 1780 1250 manibus
1796 1137 1975 1259 babes,
2001 1139 2309 1250 Thesaurus:

830 1305 902 1414 Ea
932 1300 999 1404 est
1026 1295 1221 1439 insuper
1242 1296 1349 1402 Viti
1361 1287 1648 1412 modestia,
1672 1329 1728 1402 ut
1757 1293 2069 1438 ajustiffimis
2095 1295 2309 1446 refugiat

831 1449 1038 1602 elogiis:
1062 1484 1230 1596 neque
1254 1485 1370 1599 ego
1377 1447 1560 1558 vellem
1581 1447 1753 1556 laudes
1768 1445 1897 1555 rllrus
1913 1446 2133 1556 deterere
2149 1489 2307 1598 quem
2390 1589 2394 1598 ι
2469 1569 2474 1578 ,

831 1607 914 1715 vix
944 1602 1052 1710 satis
1082 1602 1236 1754 digne
1268 1599 1525 1710 laudarent
1558 1599 1933 1708 disertissimi·-

817 1889 820 1895 ’
908 1821 1238 1983 Omisrslern
1224 1907 1395 2042 itaque
1422 1869 1635 1982 libenter
1654 1877 1735 1983 Te
1754 1871 1832 1980 vel
1858 1865 2072 1979 verbulo
2096 1867 2307 2022 longius.
2465 1886 2468 1915 ¹

654 2015 662 2030 ’
829 2067 860 2137 a
890 2025 1115 2137 lectione
1149 2026 1332 2171 Operis
1358 2025 1662 2142 abstrahere,
1696 2025 1786 2134 nist
1816 2065 1900 2133 me
1927 2021 2183 2174 flagitasset
2214 2025 2301 2134 Vir

730 2270 737 2284 .
829 2183 894 2288 de
928 2179 1102 2288 litteris
1132 2177 1264 2287 bene
1279 2181 1502 2292 meritus
1549 2182 1790 2288 Marcus·
1791 2174 2015 2287 Miclail
2037 2176 2305 2330 Boustpuet‚

829 2369 888 2442 ut
912 2373 1026 2480 quae
1057 2331 1120 2440 a‘d
1148 2330 1297 2476 hujus
1326 2331 1575 2474 Editionis
1606 2331 1764 2442 finem
1797 2330 2121 2481 modumque
2149 2331 2305 2476 petti-

828 2525 952 2596 nent
987 2523 1331 2632 exponerem
1371 2493 1494 2594 Haec
1520 2483 1690 2631 paucis
1720 2481 1869 2592 habe

831 2749 1052 2865 Cum·
1089 2753 1390 2866 intellexisset
1420 2751 1670 2864 bonellrls
1671 2791 1784 2864 mus
1826 2749 2117 2897 Bibliopola
2148 2751 2302 2864 Cele-

827 2906 1040 3018 berrirni
1069 2917 1468 3021 Βειιιιουιιιι
1492 2919 1690 3054 Opera,
1703 2944 1860 3014 manu
1889 2905 2066 3014 diurna
2092 2916 2297 3018 nodtut

824 3101 997 3234 traque
1016 3058 1392 3174 Mathematicis
1413 3061 1676 3177 versanda,
1699 3099 1726 3168 a
1751 3057 1924 3168 multis
1945 3059 2088 3169 valde
2111 3057 2301 3170 deside
2326 3181 2332 3190 „
2424 3185 2428 3194 .

825 3222 964 3350 rari3
1005 3215 1128 3333 &s
1115 3251 1381 3359 impetrata
1408 3217 1548 3362 prius
1570 3212 1805 3322 Audloris
1831 3211 2010 3332 uenia,
2052 3211 2296 3352 omniunt

825 3363 977 3477 fimul
1009 3366 1274 3477 emendate
1300 3405 1359 3475 ac
1386 3367 1552 3477 nitide
1575 3364 1891 3475 edendorum
1921 3343 2186 3474 consilium
2215 3403 2298 3475 ce-

821 3515 995 3666 pisset.
1031 3556 1114 3634 me
1138 3520 1370 3670 rogavit,
1397 3555 1469 3630 ut
1465 3518 1605 3628 istud
1634 3519 1950 3666 propositum
1978 3518 2152 3638 suunt,
2183 3559 2296 3630 non

821 3673 924 3783 stne
944 3671 1119 3785 multis
1144 3674 1273 3782 cutis
1298 3674 1590 3828 magnisque
1611 3671 1892 3817 sumptibus
1913 3671 2298 3816 perficiendum,

540 3837 546 3846 '
647 3858 651 3863 ’
821 3826 904 3936 sed
918 3809 1065 3974 quod
1081 3823 1367 3937 Matheseos
1386 3826 1625 3938 btutlrosis
1650 3825 1964 3936 utililsrmum
1985 3825 2290 3949 confitebar,

819 3979 994 4089 saltem
1017 3977 1263 4089 consiliis
1252 4005 1517 4124 juvarem:
1549 4019 1649 4132 ego
1675 4017 1822 4098 vero,
1851 3975 2168 4090 Bernoulliani
2192 4017 2293 4088 no·

819 4133 974 4245 minis
1009 4133 1415 4254 amantissimus,
1454 4171 1691 4279 operam,
1713 4130 1919 4282 qualem
1949 4169 2044 4276 pro
2070 4132 2296 4244 modulo

817 4325 943 4402 meo
972 4285 1201 4396 conserte
1226 4289 1464 4434 possum,
1488 4287 1734 4442 denegate
1763 4323 1872 4398 non
1894 4284 2108 4396 sustinui.

894 4557 1123 4670 Primum
1146 4556 1301 4709 igitur
1321 4561 1475 4670 nobis
1501 4597 1636 4668 curae
1654 4559 1750 4668 suit
1775 4555 1950 4674 omnia
1968 4554 2297 4668 Virielariffi-

815 4709 896 4826 rni
913 4711 1102 4862 Scripta
1121 4717 1263 4860 ptius.
1276 4713 1414 4826 edita
1428 4712 1690 4870 colligere3
1719 4750 1833 4868 quae
1853 4749 1952 4832 tes,
1971 4745 2086 4826 vere
2102 4709 2297 4829 dicam„

2205 4863 2298 4976 ali..
