5500 6884
884 835 962 904 192
1033 778 1114 887 N⁰.
1176 784 1453 885 XXXVII.
1520 778 1867 885 INVENTIO
1919 792 2150 893 LINEAE

878 958 946 1045 liat
957 972 974 1063 )
999 963 1207 1075 quomodo
1238 990 1266 1045 a
1291 968 1432 1072 punslo
1461 961 1578 1062 dato,
1615 988 1796 1075 tanquam
1823 962 1995 1063 verlice,
2027 940 2277 1051 describenda

878 1076 925 1163 -fit
949 1078 1291 1190 Bracbystochrrna‚
1324 1075 1389 1163 seu
1413 1075 1608 1192 Cyclois,
1640 1079 1833 1163 transtura
1861 1109 1930 1191 pet
1959 1082 2065 1167 aliud
2095 1086 2276 1194 punitum

695 1294 699 1301 ¹
880 1193 1035 1287 datumr
1062 1198 1175 1309 quod
1194 1198 1243 1281 stc
1272 1194 1452 1281 facillime
1476 1197 1699 1311 expeditur:
1733 1189 2033 1309 Conjungantur
2046 1199 2128 1283 duo
2157 1226 2274 1311 punc·

697 1311 857 1427 Tssstx·
879 1335 920 1396 ta
954 1312 1044 1397 data
1080 1308 1147 1413 A,
1177 1312 1238 1413 B,
1270 1313 1381 1426 (fig.
1406 1310 1499 1421 II.)
1532 1344 1600 1427 per
1637 1316 1781 1397 lineam
1816 1319 1957 1400 rectam
1989 1310 2109 1416 AB,
2141 1324 2182 1400 δε
2216 1311 2276 1399 su-

696 1394 855 1542 xxiigqlp
879 1458 948 1542 per
978 1431 1212 1523 horizontali
1249 1426 1340 1515 AL
1382 1428 1614 1521 describatur
1648 1426 1842 1541 Cyclois,
1883 1462 2122 1546 quaecunque
2147 1434 2274 1517 libue-

698 1562 801 1643 τίω.
880 1550 953 1645 tit,
985 1549 1137 1632 initiunt
1160 1542 1307 1631 sumens
1333 1551 1372 1631 in
1399 1544 1470 1645 A,
1502 1543 1702 1659 secansque
1729 1551 1871 1631 restam
1910 1545 2002 1634 AB
2028 1553 2068 1633 in
2091 1547 2133 1636 R
2147 1584 2159 1641 ς
2192 1580 2274 1657 quo

881 1659 1009 1762 fasso,
1041 1664 1109 1747 liat
1138 1691 1181 1749 ut
1206 1660 1303 1752 AR
1326 1666 1378 1748 ad
1395 1660 1508 1767 AB,
1539 1670 1594 1750 ita
1619 1665 1809 1749 diameter*
1827 1667 1957 1749 circuli
1983 1669 2169 1778 genitoris
2188 1662 2273 1777 Cy·

885 1780 1024 1882 cloidis
1046 1776 1179 1869 ARS
1200 1782 1251 1865 ad
1273 1808 1472 1896 quartam,
1503 1813 1587 1896 quae
1611 1785 1683 1867 etit
1715 1782 1901 1867 diameter
1928 1784 2059 1867 circuli
2089 1784 2276 1896 genitoris

889 1890 1096 2009 Cycloidis
1116 1900 1277 2013 quaesrtae
1294 1895 1425 1984 ABL
1452 1900 1653 1983 tranlirurae
1679 1928 1748 2012 per
1769 1894 1818 1985 B.
1954 1896 1959 1907 ’

946 2010 1175 2129 Antequam
1204 2015 1357 2114 liniam,
1397 2039 1478 2101 non
1508 2013 1682 2129 possum,
1703 2018 1798 2129 quin
1821 2018 1958 2116 iterum
1981 2014 2276 2101 admirationem

887 2145 1014 2239 ineam
1033 2132 1217 2243 prodam,
1240 2136 1371 2219 animo
1394 2135 1601 2219 revolvens
1615 2136 1893 2245 inexpediatam
1910 2134 2015 2217 illam
2033 2134 2276 2219 identitatem

891 2243 1143 2331 Tautocbronae
1170 2250 1389 2361 Hugem'aenae
1424 2254 1636 2364 nostraeque
1658 2248 1989 2365 Brachystucbrunae.
2052 2248 2182 2363 Quod
2203 2280 2276 2335 noa

884 2366 1009 2450 tabile
1033 2392 1214 2478 praterea
1240 2370 1439 2468 existimo,
1469 2368 1566 2451 illud
1593 2369 1672 2466 est,
1704 2366 1815 2479 quod
1844 2369 1923 2450 haec
1947 2366 2125 2451 identitas
2153 2368 2192 2450 in
2216 2363 2277 2451 sot·
2380 2392 2384 2401 ’

884 2482 926 2569 la
944 2477 1148 2594 hypothesi
1171 2483 1434 2571 GALILM
1464 2486 1668 2597 reperitur:
1698 2483 1803 2570 adeo
1827 2510 1894 2583 ut,
1919 2485 1984 2568 vel
2005 2514 2053 2569 cx
2075 2512 2150 2582 eo,
2181 2508 2276 2567 con-

885 2598 1005 2705 jicere
1030 2600 1165 2701 liceat,
1187 2602 1292 2685 illam
1315 2627 1455 2686 naturae
1479 2600 1552 2687 esse
1573 2595 1890 2715 consentaneamr
1925 2600 2056 2715 quod,
2089 2597 2275 2715 quemad*

886 2714 1051 2821 modum
1075 2709 1223 2830 semper
1243 2722 1393 2830 operari
1417 2714 1514 2803 solet
1536 2715 1660 2803 modo
1674 2717 1959 2832 simplicissrmo,
1987 2721 2041 2801 ita
2062 2724 2101 2803 δι
2127 2718 2189 2801 hic
2210 2746 2276 2831 per

883 2830 1003 2939 unam
1024 2834 1265 2948 eandemque
1290 2837 1432 2921 lineam
1455 2840 1610 2949 'praestet
1643 2836 1724 2921 duo
1760 2830 1906 2922 diversa
1936 2833 2088 2936 officia,
2121 2864 2208 2920 cum
2237 2836 2277 2921 in

882 2952 1025 3059 quavis
1045 2952 1117 3033 alia
1140 2952 1381 3063 hypothesr,''
1393 2954 1542 3039 duabus
1572 2954 1681 3041 adid
1704 2982 1802 3068 opus
1823 2951 1915 3041 elset
1934 2954 2067 3054 lineis,
2087 2954 2162 3037 alia
2172 2980 2274 3037 nem·

879 3078 940 3174 pe
971 3094 1044 3175 pro
1075 3062 1379 3153 oscillationibus
1409 3090 1519 3187 reque
1550 3069 1761 3171 diuturnis,
1787 3080 1834 3185 ,δι
1863 3074 1937 3155 alia
1974 3100 2045 3182 pro
2077 3072 2276 3155 celerrimo

879 3175 1075 3265 ‘descensu-
1109 3178 1193 3283 Ut,
1227 3186 1258 3268 si
1284 3217 1345 3271 ex.
1420 3253 1429 3273 .
1459 3193 1673 3275 celeritates
1691 3190 1865 3300 gravium
1888 3187 2108 3269 cadentium
2132 3183 2276 3284 essent,

877 3306 969 3383 'non
993 3301 1035 3392 in
1054 3294 1337 3410 subduplicata,
1385 3304 1435 3384 ed
1466 3301 1720 3413 subtriplicata
1738 3304 1889 3385 ratione
1902 3299 2170 3390 altitudinumr
2192 3300 2274 3383 brea

884 3415 1129 3525 rhfflochrona
1157 3414 1258 3498 foret
1292 3416 1532 3527 algebtaica,
1565 3418 1798 3500 raurochrona
1820 3433 1950 3503 autem
1966 3412 2274 3507 'transcendenti

887 3558 1023 3614 verum
1052 3528 1077 3611 st
1107 3529 1321 3615 celeritates
1356 3527 1475 3615 essent
1504 3556 1545 3616 ut
1571 3529 1655 3645 ipsae
1676 3533 1928 3624 altitudinesr
1968 3559 2131 3650 utraque
2168 3534 2278 3619 fieret

664 3658 699 3715 ⁰
886 3646 1127 3761 algebraica,
1161 3645 1227 3731 illa
1259 3647 1418 3762 quidem
1442 3648 1638 3749 ocularis,
1662 3652 1743 3735 haec
1765 3680 1862 3737 vero
1887 3654 1999 3737 resia.

882 3860 887 3868 ,
946 3763 1050 3855 Non
1070 3768 1261 3879 ingratum
1290 3766 1374 3851 fote
1408 3762 1631 3855 Geometris
1663 3768 1820 3876 judico,
1853 3766 1879 3851 sr
1908 3767 2129 3881 appendicis
2150 3766 2274 3867 loco,

878 3879 1121 3999 solutionem
1147 3882 1232 3995 ipsrs
1260 3883 1410 3969 dedero
1440 3884 1690 3999 problematis
1719 3885 2025 3971 confideratione·
2051 3890 2190 3997 pariter
2217 3885 2277 3970 di·-

886 4000 1075 4112 guisum,
1111 4000 1223 4115 quod
1243 4031 1293 4085 ex
1322 4002 1525 4087 occasione
1550 4004 1797 4117 precedentis
1832 4006 1932 4089 inter
1961 3998 2204 4088 scribendum
2236 4005 2278 4085 in

880 4127 1056 4225 luentem
1083 4118 1221 4203 incidit
1245 4154 1255 4204 r
1287 4122 1470 4233 Quaeritur
1487 4130 1528 4203 in
1545 4126 1655 4232 plano
1694 4126 1862 4205 verticuli
1885 4126 1904 4219 (
1916 4119 1980 4234 fig.
2012 4114 2130 4224 Ill.)
2162 4148 2278 4203 curva

713 4309 742 4373 Τ
797 4290 852 4375 lli
881 4224 964 4324 ΡΒ
976 4297 989 4333 ‚
1019 4254 1129 4351 quam
1151 4236 1431 4357 Syncltronam¹
1456 4242 1627 4349 appellare
1645 4246 1774 4333 liceat,
1801 4245 1855 4322 ad
1871 4252 1973 4349 crp'rrs
1998 4238 2143 4349 fingulae
2162 4263 2279 4351 punc·

741 4328 793 4453 iii
873 4378 922 4436 sa
946 4354 1007 4457 B,
1016 4371 1141 4471 grave
1160 4358 1267 4440 exA
1287 4358 1492 4467 delbendens
1513 4382 1576 4460 per
1594 4358 1771 4473 cycloides
1792 4367 2027 4441 contaminas
2049 4354 2140 4440 AB
2166 4380 2276 4469 aqua-

628 4564 633 4571 ,
697 4465 852 4568 mm
875 4474 1080 4587 sitempm
1088 4485 1311 4587 perveniret.
1343 4474 1401 4559 Sit
1432 4468 1528 4563 AG
1559 4480 1835 4575 horizontalis,
1874 4480 1914 4559 &
1953 4460 2040 4561 ΑΡ
2072 4475 2277 4559 verticalis.

697 4556 755 4634 τέ
798 4572 825 4633 ³⁹
874 4583 1020 4707 §ersus
1049 4594 1302 4705 problematis
1314 4596 1410 4704 „talis
1433 4597 1509 4687 est,
1546 4620 1589 4678 ut
1611 4590 1797 4707 descripta
1818 4586 1926 4703 super
1947 4588 2044 4679 AG
2078 4587 2279 4707 Cycloide

886 4730 1140 4822 quacunque,
1173 4706 1413 4796 abscindatur
1437 4740 1485 4798 ex
1512 4712 1578 4797 illa
1595 4716 1726 4827 portio
1754 4704 1864 4799 ABr
1897 4709 1948 4803 ad
1982 4736 2100 4823 quarn
2123 4735 2279 4825 pereur-

886 4818 1044 4907 rendam
1062 4854 1119 4937 errv
1139 4822 1185 4915 A
1212 4823 1445 4919 descendens
1479 4858 1596 4949 grave
1621 4830 1736 4939 idem,
1760 4855 1911 4941 tempus
1943 4830 2133 4939 requirat,
2170 4818 2283 4940 quod

816 4975 820 4983 ¹
875 4941 1099 5077 ‚requireret
1124 4943 1178 5031 ad
1209 4944 1472 5041 decidendum
1507 4978 1556 5039 ex
1583 4948 1836 5040 determinata
1866 4945 2071 5039 altitudine
2106 4940 2282 5035 verticali

2173 5076 2285 5173 APt
