5500 6884
561 740 1633 928 „Mlaenroimcromecmre
1728 835 1812 916 ,σι’

427 998 483 1084 Β,
506 971 813 1074 affumtum'sneritr
839 1005 878 1053 ac
902 979 1044 1074 denique
1069 1005 1112 1054 ex
1133 981 1306 1054 Iducatur
1327 984 1393 1056 lH
1415 982 1565 1076 parallela
1584 983 1661 1071 axi,
1688 981 1809 1058 litans

427 1118 493 1186 que
515 1097 694 1267 appljcssu
716 1081 749 1153 G
762 1079 789 1151 F
810 1078 845 1150 in
869 1079 906 1152 H
920 1105 931 1159 ς
956 1079 1023 1194 erit⁸
1042 1079 1079 1152 H
1109 1080 1271 1172 punitum
1295 1080 1331 1152 in
1357 1098 1469 1172 optata
1495 1084 1608 1157 Curva
1644 1083 1723 1156 CH
1738 1086 1772 1155 D
1791 1111 1806 1167 3

427 1193 481 1264 cui
499 1189 621 1279 ssmiles!
677 1177 841 1269 aequales,
867 1200 903 1247 rn
918 1196 1040 1250 caereus
1059 1179 1224 1250 rectarum
1247 1179 1342 1267 BA,
1367 1179 1459 1266 BC,
1485 1176 1547 1252 sese
1570 1179 1805 1255 decussantium

424 1291 579 1382 angulis,
599 1273 746 1359 bnstirui
772 1270 912 1368 possunt.
1357 1335 1361 1342 .

473 1388 567 1460 Nota
602 1374 754 1446 Maxima
788 1373 913 1444 Curvae
938 1370 1078 1444 altitudo
1109 1373 1181 1444 BD
1208 1394 1277 1434 =
1313 1369 1348 1459 tl
1365 1371 1421 1465 (2
1449 1373 1522 1447 GL
1548 1387 1580 1444 a<
1602 1374 1620 1462 (
1637 1379 1666 1450 A
1681 1377 1719 1450 N
1736 1411 1805 1434 ..-

425 1391 641 1657 cmlsSi
665 1471 752 1547 GM
771 1491 841 1530 =
864 1470 971 1556 AN,
1010 1469 1098 1542 cadit
1118 1471 1183 1543 IH
1207 1473 1243 1544 in
1262 1471 1356 1560 Be,
1382 1469 1486 1564 fitque
1514 1473 1659 1548 maxima
1687 1474 1810 1550 eurvae

421 1581 515 1764 huss
532 1622 695 1761 Numine
718 1663 848 1758 deniqne
869 1669 967 1738 Linea
987 1660 1004 1756 (
1025 1665 1115 1756 quod
1139 1663 1187 1754 est
1205 1666 1396 1759 exemplum
1415 1663 1548 1762 speciale
1573 1665 1719 1758 Fratris)
1734 1669 1807 1762 'que

419 1788 513 1875 met
527 1763 776 1861 ,menithinne
786 1762 879 1856 super
896 1762 1000 1837 eodem
1023 1787 1083 1836 aare
1106 1758 1153 1850 &
1173 1783 1228 1854 per
1246 1763 1327 1836 idem
1349 1767 1496 1856 perusium
1518 1765 1624 1840 susas
1645 1766 1690 1840 ad
1710 1790 1808 1868 angar·

416 1866 569 2036 1650ng
573 1863 812 2032 ssicitucrro
850 1958 945 2031 talis:
969 1955 1050 2033 Ello
1075 1958 1146 2031 nxis
1170 1961 1359 2033 communis
1389 1962 1490 2049 Am,
1518 1963 1679 2056 punitum
1700 1963 1802 2038 inter-

407 2056 560 2133 sedlionis
595 2057 911 2151 Logarithmicarum
933 2059 983 2142 B,
1018 2081 1133 2128 earum
1158 2082 1227 2130 una
1251 2061 1327 2131 dara
1349 2059 1463 2141 ΕΒΓ,
1490 2059 1622 2133 demissa
1650 2061 1685 2133 in
1707 2035 1912 2134 axemTAB·

407 2156 668 2253 perpendiculari
686 2157 712 2226 B
729 2157 778 2240 ll,
805 2179 863 2246 per
882 2157 1046 2248 punctum
1066 2154 1118 2240 F,
1138 2173 1308 2249 utcunque
1331 2177 1502 2250 acceptum
1522 2159 1558 2230 in
1585 2115 1920 2263 Logarirhmi-idilh

408 2279 473 2342 ca,
503 2272 643 2349 agantur
669 2255 767 2326 rettae
790 2253 887 2338 FT,
910 2253 1011 2337 FN,
1044 2248 1188 2324 secantes
1221 2258 1344 2326 retiam
1370 2256 1438 2329 un
1463 2256 1498 2328 in
1522 2258 1556 2329 T
1581 2259 1614 2328 de
1637 2259 1699 2342 N,
1726 2283 1874 2361 quta-fig,
1899 2297 1943 2344 μ,

406 2377 549 2446 rumque
569 2353 623 2423 illa
645 2351 701 2424 axi
722 2351 873 2444 parallela
896 2345 962 2436 lit,
984 2349 1054 2421 haec
1078 2367 1192 2443 tangat
1212 2352 1513 2446 Logarithmicamt
1546 2350 1562 2444 [
1585 2371 1803 2446 praetereaque

407 2449 503 2545 supra
521 2453 581 2536 T,
607 2446 782 2541 liquidem
797 2451 957 2541 punctum
974 2448 1012 2520 N
1025 2445 1162 2518 inferius
1180 2445 1220 2520 fit
1239 2449 1308 2543 ipso
1333 2450 1390 2536 Τ,
1416 2448 1623 2523 abscindatur
1644 2453 1724 2526 TN
1736 2471 1806 2519 ···...=

407 2546 557 2622 inferiori
582 2548 615 2619 T
629 2549 666 2620 N
680 2543 718 2637 ];
744 2571 812 2637 quo
832 2542 945 2630 sntio,
968 2545 1128 2616 diametro
1149 2547 1178 2619 A
1191 2547 1251 2633 N,
1276 2572 1396 2640 nempe
1418 2551 1445 2621 A
1459 2548 1492 2622 Τ
1521 2553 1569 2638 ÷
1599 2551 1632 2622 T
1646 2550 1682 2623 N
1695 2599 1706 2634 ‚
1735 2548 1803 2622 des-

409 2646 556 2719 cribatur
582 2642 801 2717 semicirculus
822 2645 850 2716 t
864 2644 938 2718 ΡΝ
949 2691 961 2727 ,
987 2644 1041 2714 cui
1059 2662 1212 2716 occurrat
1232 2651 1322 2719 recia
1344 2647 1416 2720 FT
1436 2647 1472 2720 in
1494 2648 1520 2720 P
1534 2675 1545 2728 3
1571 2642 1741 2739 sumtaqne
1755 2672 1803 2720 ar·

409 2743 543 2816 bitrarin
572 2745 714 2834 quadam
739 2738 910 2814 constante
945 2741 1001 2823 L,
1034 2739 1243 2815 abscindatur
1267 2745 1303 2816 in
1328 2745 1397 2817 BA
1430 2767 1471 2816 ex
1494 2747 1620 2838 pundlo
1651 2745 1684 2818 T
1714 2749 1804 2820 reeta
1928 2761 1933 2774 ·

407 2843 571 2918 Tr:
597 2835 837 2935 tl(''÷TA²
866 2839 957 2914 ss-.L
981 2835 1036 2928 ²)
1064 2839 1275 2934 &jungatur
1295 2843 1388 2928 RP,
1416 2837 1498 2934 [vel
1524 2839 1549 2914 fi
1580 2845 1743 2935 punctum
1769 2843 1805 2916 T

404 2943 550 3046 superius
568 2947 695 3045 fitipso
715 2950 762 3036 B,
788 2945 948 3040 descripto
965 2944 1060 3043 super
1081 2951 1156 3024 ΤΚ
1180 2944 1408 3039 semicirculo,
1433 2953 1612 3048 applicetur
1640 2951 1685 3023 illi
1708 2952 1798 3043 priua

404 3053 435 3124 L
448 3052 496 3137 P,
522 3073 560 3121 ac
582 3068 654 3120 tum
678 3048 813 3118 demum
837 3047 997 3137 jungatur
1020 3049 1051 3120 R
1063 3048 1089 3120 P
1101 3044 1138 3137 3]
1162 3049 1287 3138 junuae
1300 3054 1335 3124 in
1357 3055 1445 3124 redsa
1469 3053 1497 3124 F
1510 3051 1541 3123 T
1563 3051 1702 3140 aequales
1724 3048 1801 3121 hinc

404 3147 483 3220 inde
507 3144 738 3220 abscindantur
757 3143 851 3229 TS,
877 3144 966 3223 Tm
993 3161 1155 3236 eruntque
1167 3154 1293 3237 punita
1320 3152 1369 3231 S,
1396 3151 1439 3232 S,
1462 3149 1502 3219 ad
1530 3147 1679 3218 Curram
1696 3168 1801 3235 quan-

404 3245 482 3316 dam
507 3269 540 3316 m
564 3245 687 3318 CMC
709 3264 743 3312 m
754 3291 767 3329 ,
793 3265 866 3333 quae
892 3263 1008 3311 omnes
1032 3241 1312 3334 Logaritlunims,
1337 3244 1422 3316 circa
1446 3245 1608 3336 putidum
1629 3242 1655 3312 B
1680 3239 1801 3316 consti·

406 3360 517 3429 tutas,
545 3341 586 3413 ad
613 3339 752 3434 angulos
776 3341 883 3410 reuos
902 3334 1047 3425 secabit,
1072 3357 1111 3410 ut
1126 3341 1367 3428 requirebatur.

453 3454 570 3542 Nota,
595 3451 702 3526 sumta
728 3454 806 3527 ΤΚ
823 3448 945 3539 =ul
972 3447 1027 3541 (ἕ
1049 3445 1147 3522 TA²
1178 3454 1228 3539 ἦ·
1246 3448 1294 3524 L²
1319 3447 1364 3540 ),
1388 3461 1539 3530 occurret
1558 3447 1674 3520 Curva
1694 3447 1800 3520 axiin

403 3571 529 3662 putten
558 3593 613 3655 m,
637 3589 677 3639 ut
699 3565 739 3639 fit
759 3566 981 3647 Am=L3
1015 3562 1070 3635 sed
1087 3558 1194 3635 sumta
1216 3566 1380 3642 Tu:
1403 3555 1610 3665 i'ffl'f
1628 3561 1801 3654 -L²),

405 3657 556 3738 tranfibit
577 3667 664 3738 inter
685 3669 808 3758 puntia
831 3668 859 3738 ll
886 3667 918 3736 de
941 3665 994 3750 B,
1021 3686 1083 3732 nec
1097 3662 1138 3732 ad
1160 3687 1257 3735 axem
1275 3663 1449 3754 pertinget.

452 3766 604 3837 Maxima
633 3765 758 3853 Curuae
784 3761 927 3834 latitudo
947 3763 1017 3834 BC
1039 3782 1107 3821 ετ·-
1125 3756 1235 3856 tls}
1260 3757 1418 3834 BA²2
1443 3757 1499 3832 L²
1525 3757 1554 3848 ).

453 3880 563 3966 Atque
588 3878 708 3954 horum
729 3874 882 3946 omnium
896 3871 1016 3944 solutio
1035 3871 1137 3943 facilis
1151 3871 1333 3944 admodum
1347 3870 1434 3957 suit:
1461 3869 1530 3940 dari
1551 3883 1661 3939 autem
1673 3863 1804 3960 possunt

403 3973 476 4046 aliae
489 3975 680 4046 cervarum
692 3971 881 4065 politiones,
893 3995 968 4064 quae
983 3968 1158 4042 Problema
1180 3969 1284 4062 magis
1310 3968 1451 4040 arduum
1474 3964 1639 4049 reddunt,
1655 3965 1801 4037 &velin

402 4068 540 4165 simplici
559 4070 718 4146 Parabola
730 4071 772 4142 ad
796 4067 886 4142 casus
906 4068 1054 4140 methodi
1074 4068 1282 4162 tangentium
1295 4063 1433 4141 inversae
1446 4063 1597 4137 nondum
1611 4063 1800 4154 exploratos

403 4170 596 4251 deducunt;
632 4165 815 4256 veluti,fi
837 4184 996 4265 qrraeratur
1018 4173 1151 4251 ouva,
1185 4192 1249 4258 aare
1276 4190 1378 4237 mmrer
1400 4161 1566 4235 raretotas
1583 4161 1675 4252 firper
1698 4161 1802 4238 eodem

403 4294 464 4338 axe
501 4269 678 4353 extrudite,
709 4267 865 4358 lateraque
879 4266 940 4353 stra
960 4265 1044 4336 resia
1066 4265 1233 4355 respediinri
1255 4271 1411 4336 nerninem
1432 4265 1452 4334 n'
1471 4261 1582 4351 mutto
1600 4262 1673 4354 fixo
1691 4260 1802 4348 disert-

404 4371 460 4436 tiis
483 4367 609 4459 aqualia
629 4363 770 4437 babentes
782 4415 795 4450 ,
826 4361 872 4432 ad
901 4363 996 4434 redut
1016 4366 1145 4458 angulos
1167 4365 1297 4449 trajicit.
1330 4359 1403 4448 &a
1455 4358 1520 4431 Cui
1541 4357 1617 4429 addi
1644 4355 1749 4448 potest
1770 4357 1803 4429 dt

403 4463 493 4535 hoc:
518 4470 681 4558 Quaritur
703 4469 814 4534 Curva
826 4511 839 4546 ‚
864 4483 929 4552 que
955 4463 1139 4534 Parabosnm
1154 4477 1211 4531 arat
1229 4463 1323 4533 aliam
1341 4460 1449 4532 datam
1480 4455 1721 4543 Curnamfitper
1736 4455 1804 4542 pla-

403 4585 445 4632 no
464 4561 524 4650 fito
544 4570 627 4635 eirca
647 4561 757 4633 datum
765 4560 909 4652 piundum
920 4565 954 4633 in
976 4560 1080 4632 orbem
1098 4557 1276 4650 conensem
1296 4566 1330 4631 in
1347 4557 1459 4652 angero
1477 4555 1552 4626 dato
1561 4552 1671 4641 fieret,-
1694 4573 1808 4641 quem·

403 4659 587 4733 admodum
621 4659 777 4745 constat,
814 4661 937 4732 retiam
966 4659 1014 4732 ita
1038 4654 1232 4732 conversam
1265 4659 1350 4730 circa
1375 4652 1617 4726 extremitatem
1639 4643 1732 4725 suam
1762 4647 1799 4723 in

402 4759 528 4852 angulo
552 4756 806 4837 renoscent
830 4759 991 4854 Circulo,
1015 4758 1054 4832 in
1077 4754 1217 4851 obliquo
1240 4781 1259 4829 a
1284 4751 1527 4851 Lugatithmr'ca
1552 4743 1670 4846 spirali

809 5080 812 5088 ’
902 5087 926 5104 '
1063 5085 1142 5178 ten
1189 5109 1213 5184 a
1548 5079 1799 5188 tondil-
