5500 6884
576 765 685 871 ET
737 771 1487 882 PROJECTILIUM.
1669 799 1751 900 5‘55

918 997 1153 1084 LXIX.

388 1207 761 1324 'Quemadmodum
789 1213 972 1330 igiturex
1000 1245 1078 1314 eo,
1110 1211 1221 1352 ¹qupd
1242 1233 1314 1326 pro
1338 1217 1542 1330 gyratione
1574 1220 1749 1331 corporis

335 1333 382 1415 in
416 1327 539 1444 spirali
575 1331 872 1444 logarithmica,
904 1331 1108 1444 requiritur
1139 1360 1200 1415 ms
1231 1337 1444 1445 centripeta
1476 1341 1516 1421 in
1551 1335 1748 1450 reciproca

261 1438 262 1480 ⁷
335 1449 534 1562 triplicata
555 1449 706 1532 ratione
728 1447 1008 1545 distantiarum,
1034 1449 1135 1533 male
1143 1449 1240 1561 'quis
1260 1450 1510 1539 concluderet
1526 1453 1638 1562 hujus
1654 1483 1748 1566 pro·

261 1559 262 1566 Ν
334 1565 547 1676 pofitionis
575 1558 823 1666 conversam,
845 1561 1043 1685 allerepdo
1072 1593 1213 1678 nempe
1239 1569 1337 1677 qaod
1347 1597 1426 1676 ergo
1454 1579 1533 1653 vici
1555 1602 1623 1662 am,
1648 1571 1742 1681 pefi-

261 1679 262 1724 ³
335 1705 382 1762 ra
423 1681 492 1764 bac
522 1685 595 1792 lege
622 1692 685 1764 vis
727 1693 941 1796 ceneriperae,
959 1679 965 1688 ’
985 1681 1110 1789 neceffe
1150 1709 1203 1780 rr,
1234 1711 1276 1765 ur
1305 1714 1421 1766 curva
1449 1691 1579 1797 existar
1594 1689 1747 1797 spiralir

335 1799 613 1910 logarirhmicar
644 1797 845 1912 fiquidem
860 1801 976 1884 altera
995 1795 1137 1912 spiralis
1152 1801 1427 1910 hyperbolica,
1450 1811 1490 1887 &
1511 1803 1597 1886 aliar.
1613 1804 1746 1886 multat

261 1917 262 1924 ‘
337 1941 492 2014 curvae,
511 1937 592 1998 tam
616 1914 838 2028 algebra't'cae
862 1943 980 2028 quam
1004 1911 1338 2028 transcendentes,
1363 1919 1502 2004 eadem
1523 1922 1664 2002 virium
1686 1921 1744 2004 le·

261 2073 262 2082 ¹
335 2057 391 2143 ge
422 2030 642 2144 gaudeants
672 2027 731 2116 Ita
760 2057 921 2144 quoque
939 2059 987 2115 ex
1007 2061 1058 2115 eo
1081 2030 1192 2144 quod
1211 2031 1490 2119 demonstratur
1511 2065 1648 2148 corpus
1669 2063 1742 2146 gy-

261 2157 262 2168 '
334 2174 427 2230 rans
447 2149 487 2232 in
508 2141 675 2234 senione
695 2149 854 2247 conica,
875 2173 1010 2233 centro
1039 2147 1181 2233 virium
1199 2150 1385 2232 existente
1418 2153 1458 2232 ln
1477 2149 1594 2250 foco,
1614 2153 1744 2263 requi·

261 2277 262 2284 ‘
335 2291 425 2347 rere
447 2266 529 2348 vim
546 2265 799 2376 centripetam
817 2267 1014 2379 reciproce
1033 2265 1364 2376 proportionalem
1384 2267 1578 2377 quadratis
1604 2266 1741 2349 distan-

261 2397 262 2402 ‘
335 2383 506 2478 ciarum,
535 2407 617 2466 non
638 2379 714 2466 stne
745 2383 875 2496 aliqua
901 2376 1141 2495 paralogismi
1164 2376 1289 2494 specie
1314 2382 1529 2494 colligitur,
1554 2378 1745 2496 supposita

335 2495 408 2578 ista
432 2499 573 2580 virium
606 2499 898 2616 centripetarum
930 2500 1210 2610 proportione,
1244 2494 1399 2583 curvam
1434 2522 1545 2582 motu
1571 2500 1748 2610 corporis

335 2607 631 2700 describendam
648 2612 733 2699 fore
754 2613 976 2700 sectionem
994 2610 1214 2712 Conicam,
1236 2613 1384 2698 tametli
1411 2611 1745 2704 NEWToNus

336 2723 418 2837 ipse
439 2731 478 2810 in
503 2729 669 2815 eundem
693 2733 730 2815 la
756 2731 861 2816 idem
879 2733 1107 2844 impegerit,
1137 2725 1237 2816 Vid.
1261 2759 1352 2844 pag.
1390 2761 1455 2833 55.
1487 2726 1643 2815 Coroll.
1670 2725 1743 2828 ΙΙ,

336 2867 384 2926 ut
410 2849 451 2928 δι
481 2844 658 2929 insimili
684 2871 705 2926 c
742 2873 767 2928 u
798 2874 886 2958 pag.
920 2875 991 2953 49.
1021 2841 1177 2930 Coroll.
1203 2839 1244 2936 Is
1278 2847 1345 2928 nifi
1370 2848 1472 2958 prius
1504 2845 1740 2931 demonstre·
1852 2878 1856 2887 ’

336 2981 426 3058 tur,
455 2961 518 3044 hic
547 2954 585 3046 le
601 2988 685 3044 rem
714 2962 823 3044 aliter
841 2961 1008 3060 habere,
1038 2989 1154 3074 quam
1177 2961 1218 3044 in
1240 2961 1444 3074 hypothesi
1465 2964 1605 3046 virium
1632 2962 1744 3046 cubis

337 3075 602 3161 distantiarum
637 3079 835 3188 reciproce
866 3077 1250 3188 proportionalium,
1282 3105 1398 3189 quam
1426 3077 1580 3162 diverso
1606 3080 1744 3161 ‘curvis

338 3194 552 3277 convenire
577 3189 682 3306 polle
706 3191 963 3283 ostendimust
985 3187 1102 3305 atque
1128 3188 1312 3278 sectiones
1340 3195 1494 3277 conicas
1517 3190 1613 3278 solas
1641 3189 1739 3292 effe,

338 3335 425 3422 qua
445 3311 652 3398 admittant
681 3311 782 3399 vires
805 3311 846 3396 in
864 3306 1058 3422 duplicata
1077 3309 1271 3422 reciproca
1288 3313 1439 3396 ratione
1463 3310 1736 3395 distantiamm.

914 3545 1113 3648 LXX.

397 3753 517 3844 Hanc
534 3773 662 3844 autem
685 3752 907 3846 conaersam
928 3758 1070 3870 primus
1104 3783 1204 3870 ego,
1233 3752 1343 3870 quod
1365 3748 1503 3855 sciam,
1530 3755 1664 3842 inveni
1693 3784 1739 3842 ac

339 3875 633 3962 demonstratam
655 3874 748 3960 dedi
766 3871 1002 3990 praelaudatae
1020 3870 1149 3958 Acad.
1180 3867 1284 3984 Reg.
1310 3869 1454 3956 Sclent.
1484 3869 1588 3960 Gall.
1621 3903 1738 3987 qnam

338 3995 490 4107 postea,
510 4020 572 4076 me
595 4017 800 4092 monente,
819 3987 894 4100 lsua
918 4019 1079 4103 quoque
1098 3985 1444 4076 Demonstratione
1462 3991 1627 4074 munivit
1653 3987 1740 4080 Ce·
1764 4043 1768 4052 ·

342 4110 419 4194 leb.
450 4109 577 4190 noster
606 4105 655 4191 H
665 4129 1000 4197 ERMANNUsr
1034 4109 1087 4188 ita
1119 4131 1163 4190 ut
1192 4115 1293 4190 nunc
1329 4107 1380 4192 de
1411 4103 1568 4192 Orbitis
1599 4105 1740 4196 Plane·

342 4247 462 4310 tarum
474 4284 488 4324 ,
518 4251 649 4308 veram
671 4215 869 4334 Ellipsrurn
894 4225 1113 4306 conicarum
1136 4219 1300 4320 formam
1335 4224 1589 4324 habentibus,
1621 4225 1738 4311 dubi-

341 4345 419 4426 tare
436 4342 596 4452 amplius
626 4368 705 4423 non
735 4339 869 4429 liceat3
893 4335 1064 4422 concella
1080 4333 1220 4440 scilicet
1241 4363 1374 4422 eorum
1400 4342 1626 4426 attractione
1647 4371 1737 4430 ver·

342 4453 398 4541 sus
427 4457 559 4542 Solem
588 4455 780 4569 quadratis
812 4455 1068 4540 distantiarum
1097 4457 1293 4566 reciproce
1323 4458 1651 4567 proportionata:
1683 4457 1737 4546 de

344 4603 417 4688 qua
461 4576 623 4658 veritate
652 4597 766 4658 antea
795 4573 888 4656 certi
918 4567 991 4659 elle
1022 4601 1103 4660 non
1145 4595 1376 4684 poteramus.
1423 4569 1539 4678 Quid
1572 4573 1599 4656 st
1631 4576 1735 4660 enim

345 4693 466 4804 plures
496 4717 618 4772 curve
649 4689 786 4773 diversi
814 4691 964 4802 generis
994 4690 1121 4774 eidem
1154 4690 1243 4772 huic
1261 4691 1400 4780 virium
1424 4691 1651 4774 centralium
1677 4692 1735 4775 le-

344 4809 383 4919 gi
410 4801 709 4917 respondillent,
741 4829 783 4890 ut
811 4807 919 4894 alteri
948 4807 1006 4892 isti
1036 4808 1243 4916 reciproce,
1271 4805 1465 4918 triplicata
1505 4801 1736 4920 respondere
1843 4818 1850 4828 '

347 4925 538 5014 vidimus?
581 4923 680 5014 Sane
708 4951 792 5046 non
826 4923 974 5026 video,
1012 4951 1081 5050 cur
1119 4917 1278 5124 {llipses
1316 4925 1447 5034 potius
1485 4951 1601 5038 quam
1642 4925 1734 5017 alias

1186 5065 1293 5121 aad.
1354 5071 1380 5126 2
1646 5066 1732 5129 Clll'-
