5500 6884
924 825 929 832 ·
987 786 1077 919 ur
1144 822 1273 920 Νη,
1332 751 1438 916 nr
1490 759 2269 914 arrrrrrrcrnrrssr

1006 996 1141 1110 ligatur
1173 989 1652 1088 multarumvelicularum,
1667 993 1879 1102 a‘e'requa'm
1896 989 2100 1075 denfitsnne
2127 996 2381 1104 repletarum,

1007 1113 1205 1224 congeries
1216 1111 1410 1191 communi
1423 1107 1595 1221 quodam
1604 1106 1848 1206 velamento,
1861 1108 2030 1222 undique
2048 1107 2396 1220 perforatostriste·

1007 1228 1184 1324 involvi,
1225 1225 1325 1307 adeo
1358 1251 1400 1307 ut
1422 1225 1599 1310 videatur
1626 1251 1744 1308 unum
1771 1226 1995 1306 continuum
2022 1251 2159 1335 corpus
2192 1226 2288 1318 else3
2326 1227 2382 1312 sa'

1008 1345 1082 1426 cile
1101 1369 1200 1425 nunc
1218 1342 1412 1425 intellediu
1441 1339 1516 1439 est,
1548 1339 1677 1423 sthaec
1716 1340 1837 1424 moles
1870 1335 2075 1424 veficulosa
2111 1369 2198 1423 cum
2236 1346 2385 1454 impetu

1006 1453 1134 1546 versus
1152 1481 1314 1556 terram,
1335 1457 1401 1542 vel
1413 1453 1518 1539 aliud
1539 1453 1675 1538 durum
1690 1481 1848 1568 corpus,
1878 1451 2122 1566 projiciatur,
2154 1457 2290 1542 eadem
2311 1462 2385 1556 vi,

1008 1602 1085 1688 qua
1110 1571 1342 1670 advenerat,
1372 1571 1509 1655 resilire
1531 1566 1677 1656 necesse
1704 1569 1770 1670 lit,
1814 1569 1841 1654 sr
1871 1571 1993 1655 modo
2027 1573 2255 1657 membrana
2284 1569 2385 1659 veli-

1008 1690 1176 1772 cularum
1202 1690 1387 1797 impetum
1406 1681 1580 1772 sustinere
1604 1686 1784 1778 valeant3
1817 1685 1844 1770 st
1865 1713 1962 1771 vero
1991 1687 2164 1800 quadarn
2186 1689 2242 1772 ob
2279 1687 2386 1790 infir-

991 1807 1180 1888 mitatem
1200 1799 1495 1914 disrumpantur,
1527 1797 1685 1887 evidens
1716 1803 1770 1884 est
1782 1861 1796 1902 ,
1836 1825 1960 1885 totam
1991 1804 2136 1885 molem
2167 1828 2272 1886 tanta
2292 1807 2336 1886 vi
2366 1864 2383 1904 ,

1009 1949 1086 2032 qua
1108 1919 1255 2017 inliliit,
1279 1947 1359 2011 non
1381 1917 1517 2003 refilire
1529 1951 1540 2009 ς
1573 1915 1650 2015 stc,
1682 1916 1858 2002 stonmes
1875 1918 2045 2002 veficulae
2066 1917 2383 2032 diffrinfflentur,

949 2104 952 2113 .
1007 2039 1120 2146 plane
1145 2063 1226 2118 non
1243 2057 1543 2146 repercuteretur
1570 2067 1580 2116 r
1612 2035 1697 2145 quis
1723 2058 1850 2122 autem
1876 2061 1956 2118 non
1982 2033 2114 2135 videt,
2154 2029 2298 2118 causam
2312 2036 2384 2118 hu-

1006 2153 1065 2260 jus
1089 2149 1328 2248 resilirionis,
1358 2151 1423 2234 vel
1450 2177 1529 2234 non
1553 2147 1766 2233 resrlitionis
1777 2209 1791 2250 ,
1832 2149 2099 2234 deducendam
2135 2147 2208 2234 else
2244 2177 2267 2232 a
2297 2145 2383 2235 solo

1009 2268 1170 2351 elaterio
1195 2269 1289 2349 aeris
1309 2268 1348 2348 in
1371 2263 1545 2370 vesrculis
1565 2261 1726 2348 inclusi?
1755 2266 1905 2348 ratione
1938 2267 2041 2348 enim
2074 2271 2114 2348 δι
2149 2269 2387 2378 experientia
2476 2279 2482 2286 '

982 2383 1175 2480 ‚constat,
1206 2392 1362 2479 aerem,
1394 2381 1529 2493 quavi
1553 2383 1844 2492 comprimitur,
1867 2380 2004 2464 eadem
2030 2378 2190 2464 omnino
2215 2375 2289 2466 sese
2309 2375 2384 2464 res-

1009 2494 1147 2583 tituere
1171 2499 1269 2596 niti,
1313 2495 1514 2609 ideoque,
1547 2495 1573 2577 si
1593 2525 1671 2608 ope
1692 2494 2112 2608 percuffionisveficuae
2135 2501 2384 2597 coarctantur,

1010 2611 1157 2697 necesse
1169 2615 1246 2712 est,
1271 2635 1313 2696 ut
1326 2612 1521 2696 ae'rinillis
1533 2637 1736 2697 contentus
1754 2615 1872 2724 magis
1884 2608 2278 2703 etiamcondensetur3
2289 2639 2385 2723 pro-

1010 2728 1128 2827 inde,
1160 2757 1247 2810 cum
1270 2727 1451 2841 quelibet
1469 2726 1654 2826 veficula,
1686 2727 1823 2812 eadem
1848 2731 1917 2827 vi,
1947 2754 2024 2842 qua
2046 2729 2385 2838 comprimtbatur,

912 2862 916 2869 ’
1000 2838 1085 2928 'sese
1106 2845 1299 2928 restituere
1320 2867 1504 2941 conetur,
1527 2841 1572 2923 fit
1595 2865 1637 2924 ut
1656 2865 1739 2927 tota
1759 2870 1963 2956 compages
1986 2841 2230 2926 veficularum
2251 2841 2383 2943 sunul,

1009 2983 1114 3043 tanta
1135 2960 1329 3045 celeritate
1339 3018 1355 3057 ,
1386 2979 1528 3070 quanta
1550 2950 1650 3040 allisa
1663 2959 1737 3060 est,
1758 2958 1924 3043 resiliat:
1950 2951 2210 3044 fivero'forte
2231 2960 2385 3042 tontin-

1009 3101 1076 3190 gat
1118 3085 1192 3173 ut',
1232 3076 1272 3156 in
1292 3071 1528 3185 perculfione
1540 3131 1554 3171 ,
1585 3074 1719 3184 aliquae
1747 3075 1812 3157 vel
1845 3077 1970 3186 plures
2007 3099 2254 3188 rumpantur,
2298 3099 2384 3158 tan·

1006 3209 1050 3272 'ra
1076 3191 1268 3273 celeritate
1290 3213 1375 3272 tota
1402 3189 1525 3272 moles
1547 3215 1628 3270 non
1652 3193 1948 3299 repercutieturt
1980 3217 2068 3272 nam
2093 3191 2166 3272 illae
2187 3187 2380 3286 veficulae,

1011 3332 1093 3418 quae
1115 3328 1232 3414 ruptae
1252 3299 1357 3402 sunt,
1377 3307 1417 3384 δι
1437 3333 1484 3386 ex
1511 3301 1648 3414 quibus
1666 3315 1732 3384 ae'r
1757 3298 1937 3400 inclusus,
1970 3330 2038 3412 per
2059 3297 2237 3413 porosum
2266 3305 2383 3385 invo-

1008 3421 1176 3515 lucrum,
1206 3414 1392 3527 expressus
1411 3417 1489 3516 est,
1510 3419 1652 3516 nullam
1671 3419 1751 3499 vim
1761 3411 1906 3528 prorsus
1925 3416 2069 3502 habent
2078 3411 2151 3501 sese
2168 3417 2383 3502 extenden-

1009 3533 1077 3624 ὥς
1108 3531 1278 3644 ideoque
1299 3528 1377 3616 sola
1397 3533 1457 3616 vis
1483 3511 1742 3644 supdrstitum,
1773 3561 1856 3644 quae
1880 3531 2032 3644 integrae
2060 3533 2174 3616 ictum
2203 3527 2383 3618 sustinue-

1007 3670 1117 3747 runt,
1140 3672 1246 3730 tanta
1265 3676 1345 3732 non
1364 3651 1442 3752 est,
1474 3671 1517 3732 ut
1537 3673 1664 3732 totum
1688 3675 1847 3760 corpus,
1887 3649 2040 3760 pristina
2069 3649 2287 3750 celeritate,
2320 3679 2380 3734 re-

1005 3765 1177 3876 pellant;
1219 3761 1397 3878 stitaque
1426 3763 1639 3863 accideret,
1670 3789 1736 3864 ut,
1767 3790 1835 3873 per
1866 3765 2004 3864 idum,
2047 3791 2183 3848 omnes
2210 3764 2381 3848 veficulae

1005 3903 1289 3991 rumperentur,
1320 3905 1405 3963 tota
1422 3880 1545 3964 moles
1565 3879 1812 3962 veficularum
1844 3880 1958 3989 plane
1985 3908 2065 3963 non
2098 3881 2340 3991 repelleretur
2363 3909 2374 3976 i

1006 3996 1095 4106 quia
1128 4019 1209 4078 rum
1239 3997 1342 4079 nulla
1364 3998 1422 4077 vis
1458 3995 1670 4106 repellendi
1697 3989 1917 4106 superesset,
1962 3994 2147 4108 liquidem
2177 4008 2271 4095 a'e‘r,
2309 3996 2377 4109 qui

1005 4107 1109 4194 illam
1129 4111 1168 4192 in
1191 4109 1362 4195 veficulis
1386 4109 1496 4195 unice
1527 4105 1767 4208 causabatur,
1798 4111 1874 4216 jam
1898 4133 2003 4193 totus
2048 4141 2089 4195 er
2121 4113 2380 4195 velamentun

1005 4218 1185 4338 porosum
1203 4222 1375 4337 expulsus
1401 4221 1504 4311 elset.
1564 4221 1627 4314 Ut
1645 4227 1722 4308 hoc
1739 4251 1838 4309 nunc
1857 4223 1909 4308 ad
1930 4139 2086 4336 praselns
2103 4229 2301 4339 negotium
2310 4254 2378 4337 ap·

1004 4343 1166 4453 plicetur
1188 4375 1199 4424 ε
1222 4343 1430 4454 quodlibet
1451 4363 1589 4452 corpus
1608 4341 1698 4424 huic
1715 4339 1811 4425 moli
1830 4335 2041 4425 veficulosae
2073 4344 2282 4454 comparari
2305 4369 2380 4452 po-

1004 4459 1096 4549 tesl3
1129 4455 1235 4540 sicuti
1250 4459 1354 4542 enim
1373 4459 1451 4542 haec
1469 4481 1554 4541 tota
1575 4485 1623 4540 ex
1643 4456 1813 4569 pluribus
1831 4453 2002 4542 veficulis
2024 4467 2112 4542 ae're
2144 4458 2298 4569 repletis
2324 4457 2380 4541 est

999 4572 1238 4684 -compofita,
1269 4571 1318 4656 fic
1343 4575 1437 4658 illud
1459 4566 1703 4686 paritersuos
1724 4573 2017 4658 inntunerabiles
2041 4601 2159 4686 poros
2184 4567 2302 4658 denso
2313 4582 2377 4654 a‘e'·

1004 4711 1046 4768 re
1069 4685 1227 4772 refertos
1251 4690 1392 4780 habetr
1424 4683 1616 4774 sciendum
1642 4689 1795 4800 itaque,
1827 4687 1937 4801 quod
1956 4691 1995 4771 in
2017 4717 2096 4774 uno
2119 4715 2284 4802 corpore
2309 4715 2378 4800 pa·

1004 4801 1117 4886 rietes
1138 4832 1321 4914 potorum
1343 4804 1414 4890 sint
1434 4804 1592 4922 quidem
1618 4805 1785 4903 flexiles,
1816 4798 1882 4888 sed
1914 4803 2020 4888 srmul
2061 4829 2235 4906 tenaces,
2276 4803 2379 4888 adeo

994 4939 1047 5022 ut
1061 4917 1200 5035 politur
1218 4923 1424 5034 concitari,
1454 4919 1831 5035 obrutubiltatem
1861 4913 2032 5013 sednon
2055 4921 2203 5041 ttunpi,
2231 4921 2288 5008 ob
2319 4943 2378 5056 te-

2275 5061 2382 5142 Μ’.
