5500 6884
1025 781 1119 884 44⁶
1236 737 1570 861 tvaxxtx.
1610 715 1697 834 'or
1719 726 1925 833 motu
1955 718 2324 848 tauronto
2496 702 2497 765 l

1026 923 1230 1016 mensurati
1256 919 1391 1038 poffitr
1425 915 1538 1038 quod
1569 911 1656 1004 sane
1686 916 1868 1000 haetenus
1907 939 2036 1014 ,nemo
2063 909 2228 1000 feliciter
2253 904 2476 998 executus

1024 1051 1101 1132 est:
1124 1049 1195 1130 hac
1223 1041 1327 1129 enim
1349 1032 1581 1138 Methodo,
1602 1039 1703 1120 intra
1729 1056 1870 1146 paucas
1893 1031 2032 1129 horas,
2063 1058 2136 1143 pto
2155 1033 2231 1114 illis
2256 1033 2471 1114 arctiores

1023 1165 1165 1249 limites
1186 1161 1475 1258 invenirentur,
1497 1156 1618 1268 quam
1650 1181 1751 1266 quos
1774 1147 1856 1231 mist
1883 1177 1957 1260 pto
1984 1139 2202 1260 Ellipfibus.
2280 1141 2472 1232 Interim

1024 1306 1068 1365 ut
1098 1286 1138 1362 aa
1166 1280 1244 1362 hoc
1280 1300 1485 1372 moneam,
1512 1300 1596 1354 non
1624 1263 1781 1383 ⁴necesse
1808 1267 1863 1349 est
1889 1288 1932 1348 ut
1958 1293 2065 1348 arcus
2091 1261 2181 1350 BA
2209 1289 2371 1374 quater
2410 1259 2471 1346 su-

1023 1423 1149 1482 matur
1173 1395 1224 1477 ad
1245 1391 1487 1476 formandam
1516 1387 1676 1500 figuram
1701 1375 1864 1469 clausam
1888 1373 2193 1494 ,Eltipsrformem
2222 1375 2470 1480 BAED,

922 1527 925 1539 '
959 1507 963 1512 ’
1025 1497 1096 1598 nist
1120 1539 1205 1596 eam
1242 1510 1405 1596 omnino
1434 1506 1485 1590 ad
1515 1508 1705 1618 integram
1736 1496 2085 1588 circumferentiam
2126 1497 2325 1584 reducere
2355 1503 2470 1584 veli·

1023 1657 1121 1715 mus.
1183 1623 1294 1715 Nam
1324 1623 1491 1738 quilibet
1521 1650 1628 1708 arcus
1649 1616 1764 1728 solus¹
1791 1609 1967 1735 vcujusvis
1996 1643 2146 1716 curvae,
2193 1645 2264 1728 per
2297 1619 2470 1728 obrep·

1023 1749 1175 1832 tionem
1199 1738 1499 1827 subcontrariam
1523 1740 1715 1822 continuo
1743 1735 1948 1844 repetitam
1968 1733 2010 1816 in
2033 1730 2249 1832 infinitum,
2278 1733 2468 1820 tandem

1026 1863 1111 1948 abit
1129 1856 1262 1958 saltem
1289 1862 1328 1942 in
1349 1882 1480 1940 arcum
1506 1856 1650 1939 eirculi.
1706 1845 1835 1940 ‘Voco
1861 1869 1993 1934 autem
2036 1849 2270 1960 obreptionem
2283 1851 2467 1955 subcon-

1027 1986 1207 2065 trarium,
1241 1974 1401 2088 quando
1431 2001 1538 2057 arcus
1570 1972 1708 2084 aliquis
1746 1964 1783 2053 se
1812 1961 1937 2079 ipsum
1967 1966 2124 2079 obrepit
2158 1962 2338 2072 inverse,
2376 1971 2467 2056 hoc

1029 2095 1106 2192 est„
1136 2092 1297 2205 quando
1319 2095 1358 2175 in
1392 2091 1595 2203 reptionis·
1612 2089 1726 2172 initio
1759 2087 2020 2171 extremitates
2050 2085 2234 2196 opposuae
2268 2081 2312 2172 se
2369 2119 2463 2172 rnu-

1032 2235 1103 2294 tuo
1130 2233 1314 2321 tangunt:
1347 2207 1426 2291 hoc
1458 2209 1563 2292 enim
1601 2205 1749 2302 modo,
1777 2231 1886 2306 arcus
1919 2200 2162 2313 proposrtus,
2195 2233 2265 2317 per
2283 2210 2461 2318 reptio

901 2336 916 2390 Γ
944 2375 947 2382 ·
1033 2355 1124 2412 nem
1141 2327 1302 2438 primam
1320 2326 1531 2408 mutabitur
1550 2325 1589 2406 in
1604 2324 1723 2405 alium
1741 2314 1937 2425 ejusdem,
1957 2343 2000 2403 ut
2018 2346 2139 2419 voco,
2160 2321 2459 2433 amplitudinis,

920 2519 925 2526 .
1034 2436 1102 2528 std
1121 2445 1189 2555 qui
1207 2441 1397 2526 constabit
1421 2472 1469 2525 ex
1490 2438 1644 2522 duobus
1660 2436 1823 2536 suubus
1848 2433 2030 2521 srmilibus
2053 2441 2095 2520 δι
2118 2438 2360 2550 aequalibus3
2384 2447 2459 2556 qui

1038 2559 1197 2644 srnunc
1229 2586 1346 2670 porto
1380 2552 1638 2641 firbconttarie
1669 2550 1707 2638 se
1739 2567 1875 2637 mutuo
1902 2553 2121 2666 obrepant,
2154 2559 2302 2641 orietur
2336 2587 2456 2644 arcus

1038 2677 1213 2760 constans
1238 2698 1405 2787 quatuor
1420 2675 1581 2758 arcubus
1601 2670 1781 2757 similibus
1799 2675 1840 2752 dc
1857 2672 2081 2782 aequalibus,
2100 2672 2282 2786 adeoque
2303 2677 2363 2760 ad
2386 2707 2452 2760 ro·

1039 2790 1273 2876 tunditatem
1286 2819 1395 2876 arcus
1410 2791 1600 2874 circularis
1615 2791 1736 2900 magis
1758 2785 1969 2877 accedensr
1988 2817 2059 2899 per
2076 2790 2357 2901 obreptionem
2374 2820 2451 2878 ter·

939 2985 944 2996 .
1038 2910 1134 2993 tiam
1149 2902 1448 2994 subcontrariam
1470 2905 1720 2992 formabimus
1738 2930 1869 2992 arcum
1887 2904 2216 3021 habentem-arcus
2231 2911 2325 2992 odo
2346 2910 2450 2992 fimi-

1040 3025 1097 3110 les
1116 3031 1156 3109 δι
1179 3027 1344 3140 aequales
1359 3033 1399 3110 &
1423 3025 1472 3108 fic
1491 3028 1612 3138 magis
1625 3051 1669 3108 ac
1683 3022 1807 3134 'magis
1820 3019 1871 3102 ad
1890 3017 2012 3135 ipsum
2030 3049 2160 3108 arcum
2172 3025 2327 3126 circuli,
2351 3026 2451 3132 ejus·

925 3195 936 3208 =
1041 3141 1136 3228 dem
1152 3171 1240 3227 cum
1253 3142 1558 3257 praecedentibus
1573 3137 1725 3256 stngulis
1746 3137 2022 3248 amplitudinis,
2041 3140 2322 3252 perveniemus.
2346 3140 2451 3231 Hoc
2501 3150 2503 3301 p

954 3325 957 3332 .
1043 3261 1200 3342 unicum
1227 3260 1355 3342 adhuc
1382 3259 1550 3360 addam,
1582 3288 1654 3371 pto
1684 3256 1911 3368 applicanda
1939 3256 2133 3342 methodo
2158 3259 2211 3342 ad
2238 3263 2349 3345 reuae
2377 3291 2447 3376 ap·

1043 3374 1414 3484 propinquationem
1446 3376 1497 3458 ad
1523 3376 1740 3471 circulum,
1770 3363 1866 3455 sumi
1890 3372 1996 3485 poss'e
2018 3369 2202 3486 impin,
2236 3379 2345 3483 cujus
2367 3387 2448 3465 axis

941 3533 942 3536 κ
1045 3490 1173 3571 minor
1203 3487 1246 3570 stt
1267 3489 1470 3572 indefinite
1501 3517 1625 3602 parva
1655 3488 1932 3603 longitudinis,
1961 3519 2047 3604 quae
2071 3493 2205 3610 utique
2223 3495 2319 3578 nihil
2338 3499 2448 3583 aliud

986 3669 991 3679 .
1042 3606 1117 3689 etit
1147 3631 1264 3716 quam
1293 3605 1516 3692 linearem
1542 3606 1750 3720 duplicata.
1815 3601 1937 3694 Hanc
1961 3605 1988 3691 fi
2015 3635 2126 3695 more
2159 3607 2356 3727 Ellipfium
2378 3647 2447 3730 pet

943 3777 946 3782 -
1042 3723 1263 3834 reptionem
1295 3751 1455 3808 moveas
1497 3723 1660 3810 habebis
1701 3726 1794 3810 loco
1831 3751 1957 3826 curvae
1984 3727 2249 3842 quadrigibbae
2276 3758 2448 3843 quatuor

1009 3919 1011 3926 .
1039 3840 1160 3922 latera
1191 3839 1397 3951 quadrati;
1427 3842 1562 3956 postca
1591 3842 1685 3925 loco
1715 3841 1920 3953 ouigibbae
1940 3844 2130 3950 ambitum
2152 3851 2351 3960 octogoni.
2387 3849 2448 3937 lta

1039 3949 1187 4039 scilicet·
1210 3949 1341 4070 Ellipsr
1371 3959 1540 4046 abeunte
1579 3957 1620 4042 in
1651 3959 1792 4043 tedam
1821 3959 1985 4060 lineam,
2018 3959 2161 4048 Curva
2205 3965 2448 4078 multigibbae

1011 4097 1203 4185 ‘quoque
1226 4075 1372 4160 abeunt
1394 4079 1435 4160 in
1452 4073 1658 4192 Polygona
1680 4076 1889 4186 regularia,
1920 4083 1962 4162 δι
1986 4081 2073 4184 ltaec
2096 4071 2256 4169 tandem
2273 4084 2324 4184 ,in
2346 4079 2443 4170 Cir·

1043 4188 1207 4275 culum,
1251 4187 1299 4275 Id
1327 4193 1439 4306 quod
1468 4198 1563 4280 mihi
1593 4189 1848 4311 suppeditavit
1880 4195 2044 4283 modum
2073 4199 2175 4303 hunc
2201 4197 2349 4284 fitcllem
2376 4233 2445 4287 ex·

1043 4305 1230 4408 bibendi,
1251 4337 1320 4422 pet
1340 4315 1660 4399 construdiionem
1680 4313 1868 4398 continuo
1889 4319 1929 4397 dc
1942 4314 2117 4402 celeriter
2130 4320 2442 4434 appropinquan-

878 4451 1032 4518 ωαχ
1045 4443 1151 4527 tem,
1183 4455 1312 4512 arcum
1344 4430 1474 4526 circuli
1503 4431 1689 4546 aequalem
1705 4431 1815 4514 lineae
1834 4431 2075 4538 resiaessdate.
2122 4429 2217 4520 Esto
2232 4437 2322 4520 data
2342 4443 2442 4524 recta

758 4619 767 4639 ,
888 4540 953 4617 fia·
970 4555 1001 4610 ὁ
1044 4536 1136 4643 BG,
1151 4545 1484 4658 perpendicularis·
1492 4549 1543 4656 ad
1570 4549 1682 4631 aliam
1703 4552 1843 4632 tedam
1860 4542 1959 4634 AC.
1979 4543 2160 4638 Ducatur
2181 4550 2231 4634 ad
2246 4555 2438 4642 arbitrium

1044 4661 1147 4744 reda
1176 4657 1287 4763 BA,
1323 4672 1364 4749 &
1391 4668 1537 4782 angulo
1568 4660 1613 4751 A
1641 4662 1709 4748 fiat
1738 4669 1893 4779 aequalis
1920 4667 2083 4782 attgulus
2111 4663 2272 4772 ΑΒΘ,
2304 4699 2346 4757 ut
2373 4675 2437 4758 ha·

1044 4773 1181 4858 beatur
1212 4781 1443 4895 triangulum
1465 4777 1637 4896 isosceles
1666 4778 1818 4871 BCA.
1877 4783 1968 4896 Jam
1997 4784 2158 4874 ducatur
2188 4790 2434 4905 perpendicu-

1043 4891 1133 4986 laris
1162 4886 1257 4979 CD
1281 4899 1322 4984 in
1343 4893 1460 5003 AB,
1491 4908 1532 4987 &
1561 4903 1630 5020 ipsr
1660 4897 1702 4987 C
1714 4897 1762 4991 D
1792 4905 1960 5018 capiatur
1987 4907 2144 5022 aqualis
2166 4901 2276 5012 CL,
2305 4911 2431 5022 junga-

2376 5051 2432 5111 tut
