5500 6884
1016 817 1104 896 ·„,
1161 793 1241 888 m.
1267 787 1351 881 m.
1380 791 1785 885 Annonam
1807 795 1883 886 m
1906 797 2338 894 ronorromtr

1014 988 1195 1101 inplano
1225 983 1369 1068 dudlis:
1410 982 1520 1070 Dico
1550 987 1730 1098 pundlum
1755 979 1874 1082 illud,
1905 985 1945 1069 in
1973 985 2083 1094 quod
2105 985 2280 1070 distantia
2303 969 2408 1068 cadit

1012 1109 1055 1193 in
1078 1101 1271 1216 superficie
1301 1103 1459 1202 conica,
1477 1103 1561 1188 fore
1580 1104 1620 1185 in
1638 1103 1738 1185 linea
1755 1097 1989 1198 breviffima,
2047 1131 2101 1185 uae
2122 1105 2322 1210 interjacet
2347 1104 2403 1184 in-

1011 1245 1073 1309 ter
1095 1222 1176 1306 duo
1197 1222 1335 1332 puntla
1360 1217 1461 1303 dara.
1521 1218 1709 1329 Suppono
1735 1217 1797 1299 hic
1828 1219 1990 1329 angulos
2015 1131 2225 1331 superficiei
2260 1220 2402 1302 conice

1010 1343 1112 1426 circa
1140 1339 1326 1421 verticem
1347 1337 1623 1448 comparabiles
1651 1330 1835 1431 elle,ch
1866 1336 2030 1448 aequales
2053 1331 2183 1418 allumi
2207 1331 2312 1445 polle
2335 1363 2401 1417 an·

1009 1459 1110 1572 gulis
1132 1455 1277 1566 planis:
1305 1453 1416 1565 quod
1438 1449 1643 1567 quomodo
1669 1447 1909 1552 faciendum,
1936 1454 2016 1560 jam
2041 1447 2399 1542 BARROWIUS

1012 1574 1161 1656 docuit.

1070 1686 1173 1775 Non
1191 1688 1246 1771 est
1270 1685 1382 1800 quod
1405 1685 1472 1771 diu
1498 1687 1680 1770 immorer
1699 1687 1851 1770 'caeteris
1881 1681 2170 1770 Problematum
2202 1677 2400 1769 solutioni-

1010 1805 1110 1887 bus.-
1152 1830 1287 1902 meas,
1329 1807 1407 1911 jam
1439 1826 1528 1886 ante
1556 1829 1720 1901 annum,
1763 1803 1986 1912 Illustriffim'o
2025 1799 2397 1888 HosPITfflo

1011 1920 1319 2007 communicavit
1351 1947 1436 2031 quae
1465 1917 1761 2032 quodammodo
1790 1917 2035 2030 simpliciores
2058 1912 2154 2003 sunt.
2215 1915 2295 2002 Sed
2324 1918 2402 1999 hoc

1009 2039 1203 2120 monitum
1232 2033 1417 2118 duntaxat
1443 2039 1585 2146 cupio,
1615 2033 1727 2150 quod
1747 2059 1838 2118 tunc
1868 2037 1990 2118 statim
2004 2035 2121 2120 etiam
2138 2037 2178 2116 in
2196 2033 2331 2118 litteris
2349 2031 2399 2115 ad

1009 2147 1097 2236 Dn.
1127 2147 1385 2235 Machaonem
1404 2155 1541 2250 innui,
1574 2180 1663 2250 me,
1694 2179 1762 2264 per
1786 2179 1919 2235 curvas
1947 2145 2117 2259 ejusdem
2138 2144 2299 2262 speciei,
2320 2177 2398 2232 non

1007 2263 1232 2352 intellexisse
1254 2294 1388 2352 curvas
1415 2267 1549 2352 similes
1573 2290 1747 2365 tantum,
1779 2261 1845 2351 sed
1871 2295 2004 2351 curvas
2024 2261 2264 2381 quascunque
2298 2293 2397 2352 certa

880 2371 883 2382 ¹
1006 2385 1095 2496 lege
1118 2379 1346 2499 descriptas,
1376 2381 1441 2470 seu
1463 2409 1505 2468 ut
1524 2385 1689 2468 termino
1723 2383 1950 2467 Leilnitiano
1972 2407 2088 2482 utar,
2117 2385 2310 2465 ordinatim
2333 2409 2399 2492 po-

996 2501 1125 2610 firione
1152 2504 1290 2580 datas:
1321 2501 1441 2601 alias,
1473 2500 1499 2582 sr
1528 2529 1636 2586 mens
1659 2529 1746 2585 mea
1775 2500 1825 2586 de
1850 2499 2030 2584 similibus
2060 2524 2210 2582 tantum
2238 2494 2398 2597 fitilset,

1005 2615 1051 2699 id
1060 2609 1209 2724 ‚disem
1232 2611 1427 2714 dixissem,
1458 2616 1812 2726 quemadmodum,
1843 2645 1924 2702 non
1954 2616 2021 2700 diu
2050 2619 2158 2729 post,
2187 2613 2262 2700 feci
2282 2618 2322 2700 in
2337 2609 2399 2699 iis-

1004 2731 1098 2814 dem
1127 2729 1278 2840 Ephem.
1310 2733 1422 2842 meets?
1449 2731 1637 2818 Decembr.
1664 2734 1734 2816 ubi
1754 2761 1841 2847 pag.
1871 2753 1983 2843 463,
2023 2734 2050 2786 'l
2087 2727 2194 2845 seqq.
2226 2733 2309 2818 illas
2327 2759 2398 2818 ex·

1004 2843 1126 2960 presse
1155 2873 1262 2930 voco
1292 2873 1428 2932 curvas
1462 2854 1576 2932 rmilrs
1603 2851 1649 2943 ἀ
1659 2849 1826 2958 ssmilirer
1840 2851 1983 2962 postus.
2045 2847 2178 2957 Quod
2205 2873 2336 2934 autem
2357 2852 2397 2933 in

1003 2964 1225 3072 exemplum
1247 2963 1421 3050 dederim
1443 2963 1684 3066 Parabolas,
1714 2995 1799 3084 quae
1829 2970 1964 3080 utique
1984 2961 2067 3052 sunt
2091 2994 2214 3050 curvae
2231 2964 2393 3056 suniles;

1003 3074 1195 3189 idipsum
1217 3078 1386 3164 ostendit
1415 3081 1525 3196 quod
1554 3107 1644 3168 tunc
1669 3083 1720 3170 de
1750 3083 1992 3170 similitudine
2016 3109 2215 3168 curvarum
2227 3109 2276 3167 ne
2296 3077 2396 3167 som-

1003 3197 1189 3278 niaverim
1216 3195 1400 3311 quidem3
1432 3199 1523 3283 alias
1554 3225 1683 3301 certe,
1714 3227 1794 3284 non
1823 3196 2028 3285 Parabolos
2059 3194 2126 3283 sed
2148 3201 2239 3283 alias
2262 3225 2395 3282 curvas
2542 3229 2543 3234 ‘

1003 3309 1193 3396 diffimiles
1206 3373 1219 3411 ,
1251 3316 1419 3424 exempli
1447 3317 1538 3398 loco
1574 3311 1868 3425 proposuissem:
1903 3318 2030 3400 nostra
2052 3319 2158 3400 enim
2187 3317 2394 3400 methodus

999 3427 1052 3511 ad
1074 3456 1209 3511 omnes
1231 3423 1268 3511 se
1292 3429 1494 3528 extendit,
1526 3457 1755 3544 quacunque
1781 3433 1868 3544 lege
1898 3432 2017 3516 datas.
2058 3427 2134 3517 Ast
2158 3456 2308 3516 tantum
2322 3425 2392 3514 dil·
2541 3515 2542 3528 ἢ

894 3614 897 3624 .
1000 3547 1145 3629 crimen
1172 3544 1385 3654 comperiet
1401 3533 1540 3626 ¹Frater
1576 3547 1675 3630 inter
1703 3545 1839 3632 slmiles
1869 3553 1909 3632 δι
1940 3547 2129 3632 dilsunilcs
2159 3575 2321 3649 crumas,
2352 3571 2392 3630 ut

898 3656 901 3667 ’
999 3659 1256 3746 stProblema
1279 3657 1412 3744 denuo
1431 3683 1578 3748 tentare
1599 3664 1755 3766 lubeat,
1779 3694 1859 3750 non
1886 3665 2086 3764 dubitem,
2108 3667 2202 3777 quin
2225 3665 2269 3748 srt
2286 3665 2389 3777 agni-

996 3800 1103 3863 turus
1128 3772 1188 3880 se,
1218 3778 1421 3890 postquam
1443 3779 1521 3862 hoc
1546 3774 1753 3866 Problemt
1774 3811 1845 3892 pro
1869 3777 2019 3893 speciali
2042 3784 2115 3864 isto
2135 3775 2220 3864 casu
2245 3775 2388 3877 solvit,
2540 3835 2541 3838 ι

996 3921 1048 3980 ne
1079 3923 1248 4008 unguem
1278 3895 1399 3976 latum
1423 3893 1656 4007 promovisse
1683 3899 1909 4009 generaliter
1935 3922 2166 4008 conceptum
2202 3925 2275 4010 pro
2307 3899 2386 4009 qui·

995 4006 1124 4094 busvis
1146 4011 1353 4095 ordinatim
1375 4009 1567 4123 posrtione
1590 4009 1711 4103 datis3
1738 4010 1983 4127 quodquam
2013 4008 2184 4098 abstrusae
2211 4015 2255 4096 fit
2280 4013 2387 4096 inda-

994 4127 1096 4240 ginis
1117 4128 1267 4240 patebit
1289 4125 1384 4239 ipsr,
1406 4127 1492 4211 srin
1512 4124 1646 4212 Probl.
1672 4125 1736 4216 IV
1756 4136 1795 4212 &
1818 4125 1865 4217 V
1889 4131 1980 4215 loco
1995 4127 2270 4215 Parabolarum
2288 4123 2387 4214 subs-

994 4245 1134 4330 tituere
1163 4246 1261 4327 velit
1283 4237 1434 4330 easdem
1464 4243 1547 4328 illas
1576 4239 1756 4357 Ellipses‚
1789 4273 1874 4358 quae
1900 4250 1941 4331 in
1960 4246 2265 4360 precedentibus
2289 4247 2387 4331 duo·

993 4359 1092 4458 bus,
1123 4361 1291 4471 exempli
1312 4361 1405 4444 loco
1435 4353 1713 4446 inservierunt..
1750 4357 1860 4449 Dico
1895 4365 2062 4474 exempli
2083 4365 2198 4454 locor
2230 4357 2388 4448 solvitur
2538 4375 2539 4378 ‘

994 4482 1099 4564 enim
1122 4480 1264 4592 pariter
1285 4506 1355 4592 per
1385 4477 1550 4562 nostram
1574 4477 1805 4564 methodum
1835 4483 1875 4562 in
1895 4479 2075 4564 omnibus
2094 4481 2178 4564 aliis
2201 4481 2341 4564 curvis,

1051 4590 1257 4704 Supersunt
1284 4595 1457 4681 notanda
1486 4593 1660 4708 quaedam
1686 4599 1784 4681 circa
1809 4597 1950 4694 lineas,
1977 4623 2072 4708 quas
2097 4595 2256 4680 vocabo
2283 4591 2386 4682 Tra·

993 4707 1196 4812 iedorias,
1224 4740 1312 4910 pua
1338 4715 1430 4798 alias
1459 4710 1666 4798 ordinatim
1688 4713 1796 4798 dauns
1824 4712 2072 4814 normaliter,
2102 4712 2169 4798 vel
2197 4713 2238 4796 in
2268 4738 2386 4822 angu-

990 4821 1197 4938 l⁰qu⁰V³⁵
1253 4853 1346 4932 ΜΟ,
1376 4823 1441 4914 seu
1463 4833 1580 4921 etiam
1603 4829 1693 4923 data
1715 4832 1802 4948 lege
1820 4831 2015 4936 variante,
2042 4829 2246 4943 trajiciunt.
2298 4823 2384 4914 Diu

2211 4948 2213 4958 ‘
2282 4942 2383 5032 adeo

1028 5087 1050 5134 ”
1066 5087 1157 5173 Supra
1173 5087 1226 5160 ll⁰·
1248 5087 1310 5163 XL
1332 5109 1395 5181 pag
1423 5109 1498 5178 212,
