5500 6884
702 750 819 843 nu
875 742 1503 844 uvrrrrroun.
1661 791 1793 884 1303

395 919 552 1014 onena
577 917 644 1009 ver
672 943 811 1005 num:
842 912 977 1006 none
1007 911 1191 1010 raresco,
1217 915 1439 1030 onnon,
1471 891 1584 1042 quoi
1612 919 1795 1017 trenon-

395 1065 478 1132 tem
499 1040 736 1130 numericern
761 1041 1015 1158 negaverint?

969 1267 1206 1369 XXVII.
1288 1302 1292 1308 ·

450 1508 540 1624 jann
567 1536 666 1600 veto
695 1507 892 1600 Socinitni
920 1533 1078 1602 umntur
1106 1511 1448 1628 tnthropophrgiae
1469 1537 1722 1628 argumento,
1745 1541 1792 1606 ut
1930 1611 1932 1616 ,

391 1628 649 1720 execrandum
677 1627 784 1716 suurn
812 1631 959 1745 dogma
999 1626 1171 1743 specioso
1200 1629 1372 1746 quodam
1412 1635 1626 1746 mangonio
1659 1635 1789 1722 obdu·

392 1773 501 1834 cant:
533 1746 694 1853 credunt
721 1751 826 1834 enirn
848 1744 979 1862 seper
993 1749 1090 1834 illud
1104 1751 1282 1835 evincere
1303 1745 1438 1862 polle,
1470 1749 1604 1864 quod,
1632 1754 1673 1838 in
1702 1749 1788 1842 Re·

389 1861 642 1966 surreslione‚
672 1893 778 1952 nova
801 1893 965 1981 corpora
994 1893 1077 1950 non
1098 1891 1249 1954 tanturn
1269 1865 1342 1954 srnt
1364 1859 1642 1969 substituenda,
1672 1864 1739 1957 sed
1765 1897 1790 1958 t

388 1976 488 2070 Deo
519 2011 625 2070 nova
653 1983 829 2069 creandn.
870 1978 951 2069 An
971 2008 1049 2096 ego
1074 1985 1107 2070 is
1131 1979 1213 2069 sum
1232 1984 1307 2186 poi
1339 1984 1418 2068 hoc
1443 2009 1613 2098 unquam
1639 1985 1788 2074 statui?

388 2101 530 2216 prodi,
561 2103 616 2186 nri
640 2100 810 2202 bellule,
842 2096 1012 2216 quisquir
1036 2127 1105 2203 et,
1135 2104 1203 2216 qui
1247 2128 1361 2190 erent
1382 2098 1511 2185 fionte
1540 2125 1686 2186 tantam
1710 2104 1786 2190 hrr-

386 2219 484 2305 resrn
505 2221 600 2304 rnihi
616 2221 787 2331 torpenti
815 2213 893 2305 scil.
929 2218 1081 2306 inurere
1106 2222 1287 2319 contris,
1318 2224 1360 2303 δε
1375 2245 1440 2303 rne
1463 2216 1505 2303 id
1528 2215 1687 2321 elicisse,
1717 2223 1784 2308 rel

385 2331 559 2451 scripsisse
589 2339 805 2423 convince!
837 2329 976 2452 Egone
1006 2337 1208 2438 dicerem,
1247 2359 1393 2422 novun
1421 2361 1618 2420 novorum
1633 2362 1781 2449 xcorpo·

384 2480 472 2540 rutn
502 2457 737 2574 opertionem
772 2454 889 2556 fore,
930 2457 999 2570 qui
1034 2478 1165 2539 tamen
1192 2452 1265 2540 illo
1299 2447 1384 2567 ipso
1413 2447 1477 2536 die
1507 2476 1566 2538 ter
1596 2476 1783 2568 quaterve

384 2568 543 2686 repetii:
575 2597 718 2682 corpora
739 2604 811 2655 non
845 2600 950 2656 erunt
975 2601 1096 2664 mn,
1122 2571 1199 2680 sed
1218 2576 1284 2656 illa
1322 2569 1416 2683 ipſse,
1452 2599 1602 2680 quorum
1629 2583 1785 2656 materia

374 2702 460 2799 jam
485 2717 570 2774 ante
585 2693 657 2799 sex
672 2691 756 2800 sere
784 2694 900 2773 millia
923 2720 1099 2774 annorum
1125 2693 1352 2774 uenditare
1376 2687 1780 2796 univrrstfur'tcremr

383 2805 622 2922 quod·vero
651 2808 790 2892 iterum
827 2803 991 2893 subdole
1028 2805 1292 2906 dissnnulnnt,
1335 2826 1475 2920 utpote
1519 2803 1630 2916 quod
1671 2831 1782 2917 aeque

383 2925 547 3038 quadrat
577 2923 629 3008 ad
653 2921 902 3010 Socinianunr
929 2923 1219 3023 subticendum,
1250 2949 1368 3038 quarn
1400 2919 1582 3032 thymbra
1615 2918 1666 3004 ad
1697 2921 1780 3004 lnn·

383 3069 505 3128 ceam.
563 3035 687 3127 Porro
727 3041 754 3125 fi
792 3040 1087 3127 Socinianorurn
1123 3039 1336 3124 doctrinam
1374 3038 1542 3150 penitius
1581 3038 1775 3124 examine-

279 3255 291 3280 ·
382 3187 494 3262 mus,
527 3159 747 3244 videbimus
778 3159 866 3245 illos
896 3162 1059 3244 omnino
1080 3151 1417 3244 Resurrectionem
1444 3175 1685 3237 mortuorum
1708 3179 1778 3237 ne·

379 3305 492 3391 gare,
521 3274 633 3389 quod
657 3278 920 3390 pereleganter
947 3279 1091 3389 primus
1119 3272 1392 3357 'animadvertit
1423 3263 1567 3356 Celeb.
1592 3266 1777 3358 BRAU·
1885 3297 1910 3384 j

379 3403 525 3482 suus.
565 3387 676 3477 Cum
705 3395 808 3478 enirn
831 3390 1038 3482 secundum
1067 3391 1156 3475 illos
1184 3390 1311 3474 anima
1339 3388 1384 3471 sit
1414 3415 1507 3501 pure
1539 3386 1776 3486 materialis,

228 3592 229 3595 t
408 3513 524 3624 uippe
551 3538 669 3625 quarn
691 3511 853 3596 ridicule
883 3511 1082 3596 consulere
1109 3507 1250 3592 volunt
1282 3507 1322 3588 in
1354 3529 1458 3591 tetta
1487 3504 1657 3620 quadarn
1689 3499 1778 3589 crasi
1858 3552 1862 3566 ·

376 3539 442 3714 seu
476 3652 784 3741 temperamento
815 3630 1013 3741 corporis,
1052 3621 1209 3824 ejuspue
1243 3625 1452 3710 humorum
1479 3629 1520 3707 δι
1551 3617 1775 3734 spirituum,

378 3771 460 3858 quo
475 3764 657 3844 mortuo,
684 3748 751 3831 vel
766 3746 1002 3842 annihilato,
1027 3745 1068 3827 &
1095 3744 1135 3854 ip
1150 3769 1212 3825 arn
1231 3742 1399 3825 animam
1420 3743 1520 3824 mori
1540 3739 1604 3821 vel
1627 3737 1774 3822 annihi-

375 3864 449 3950 lan·
462 3859 608 3950 necesse
625 3865 702 3955 estc
720 3862 882 3951 evidens
904 3864 1039 3976 utique
1052 3859 1129 3960 est,
1161 3857 1214 3959 sr,
1244 3883 1288 3942 ut
1310 3854 1496 3957 delirent,
1517 3881 1666 3938 novum
1688 3877 1772 3934 cor·

374 4007 447 4095 pus
476 3981 521 4066 stt
549 3979 779 4080 creandum,
812 4009 900 4069 curn
930 3981 1001 4065 illo
1031 3981 1148 4064 etiarn
1178 3976 1295 4062 creati
1318 4001 1467 4062 novum
1491 3994 1772 4085 temperamen-

374 4083 481 4200 τιὴ,
510 4127 656 4185 novam
685 4099 824 4200 crnfin,
855 4099 1037 4211 adeoque
1065 4122 1211 4180 novam
1240 4096 1432 4202 animum,
1465 4114 1582 4203 atque
1613 4085 1663 4172 src
1686 4113 1772 4172 orn·
1903 4165 1912 4202 ·.

371 4217 470 4300 nino
491 4243 648 4305 novum
678 4219 901 4303 hominem:
933 4217 1057 4300 homo
1089 4239 1184 4326 ergo
1215 4215 1286 4332 qui
1316 4233 1489 4295 mortuus
1517 4209 1571 4292 est
1600 4230 1681 4290 non
1711 4229 1771 4286 re·

371 4326 512 4446 surgit,
542 4329 608 4420 sed
640 4336 737 4420 alius
762 4355 943 4419 creatur:
975 4359 1044 4444 per
1065 4327 1305 4449 consequens
1335 4351 1479 4444 negant
1507 4324 1673 4412 omnino
1696 4316 1766 4407 So·

318 4547 328 4562 .
364 4452 513 4539 -ciniani
535 4445 874 4544 Resnreuionem
896 4450 1083 4537 hominis.

911 4679 959 4784 Χ
974 4680 1020 4773 Χ
1038 4679 1085 4774 V
1101 4670 1204 4768 111.

427 4916 694 5014 Decrevertnt
730 4920 957 5039 apologiam
987 4914 1248 5020 conscribere,
1286 4937 1365 5033 qua
1403 4903 1515 5004 siritu
1554 4899 1765 4996 ostensunrr

1655 5045 1763 5109 ‘tiam
1815 5108 1817 5112 ,
