5500 6884
984 840 1075 1038 252.
1124 919 1204 1016 N⁰.
1233 917 1282 1014 L.
1312 914 1646 1009 PARABOLAE
1672 911 1965 1010 CUBICAEIS
1988 908 2298 1006 PRIMARIAE

983 1121 1067 1182 non
1096 1117 1186 1178 cum
1215 1066 1397 1177 omnibus
1423 1084 1620 1173 Parabolae
1644 1085 1923 1202 comparabiles
1949 1079 2045 1171 elle:
2071 1077 2266 1172 insolitum
2293 1089 2389 1204 qui·

857 1271 867 1280 -
982 1209 1076 1299 dem
1100 1211 1177 1294 hoc
1197 1212 1275 1310 est,
1305 1201 1372 1292 sed
1400 1231 1530 1292 tamen
1551 1234 1701 1292 verum.
2123 1285 2129 1296 ,

872 1386 876 1392 ·
1046 1326 1227 1436 Quodsi
1256 1326 1414 1410 ulterius
1436 1350 1660 1438 pergamus,
1684 1329 1724 1406 δι
1746 1321 2004 1437 inquiramus,
2035 1321 2158 1432 qualis
2181 1349 2391 1434 exponens

983 1478 1012 1529 n
1035 1445 1179 1531 debeat
1200 1438 1357 1541 assumi,
1383 1443 1502 1525 itaut
1527 1441 1690 1554 genitrix
1716 1445 1756 1523 δι
1785 1441 1915 1553 genita
1943 1438 2035 1522 liant
2060 1435 2207 1524 eaedem
2230 1467 2388 1538 curvae,

984 1585 1146 1675 oportet
1167 1561 1305 1673 aequari
1323 1590 1350 1640 n
1366 1586 1459 1642 cum
1481 1560 1636 1668 (an-
1650 1556 1703 1667 1):
1720 1560 1873 1666 (3n-
1887 1556 1931 1668 2)
1951 1555 1993 1639 id
2017 1553 2126 1666 quod
2149 1555 2216 1638 dat
2230 1571 2386 1666 n=}:

983 1679 1166 1793 adeoque
1185 1679 1240 1762 est
1264 1673 1442 1760 Parabolae
1466 1673 1635 1758 cubicalis
1655 1684 1855 1786 primaria,
1884 1703 1968 1787 quae
1999 1700 2087 1754 cum
2110 1664 2148 1757 se
2170 1668 2247 1784 ipsa
2272 1700 2389 1755 com-

982 1822 1112 1911 parata
1140 1791 1336 1880 aedificari
1359 1794 1512 1904 potest,
1537 1786 1602 1877 seu
1624 1793 1663 1874 in
1694 1820 1771 1903 qua
1796 1791 1964 1902 assignari
1990 1787 2140 1902 poliunt
2162 1788 2245 1874 duo
2275 1815 2388 1871 arcus

983 1941 1153 2026 quorum
1173 1908 1387 1995 differentia
1412 1911 1466 1993 est
1483 1907 1747 1992 redificabilis.
1807 1905 1893 1994 Hic
1916 1935 2012 2024 ergo
2031 1905 2255 2006 incidimus,
2277 1901 2387 2018 quali

982 2027 1171 2128 fortuite,
1203 2029 1243 2110 in
1273 2026 1558 2140 perelegantem
1590 2025 1702 2132 hujus
1731 2022 1973 2108 famosissimae
2005 2051 2127 2108 curvae
2157 2022 2248 2107 alias
2268 2023 2387 2105 irrec-

984 2144 1178 2230 tificabilis
1206 2144 1505 2256 proprietatemr
1537 2141 1649 2256 quod
1678 2143 1880 2226 inventum
1910 2143 2018 2226 alteri
2045 2140 2102 2224 illi
2130 2137 2384 2237 Heuraaiano,

982 2257 1081 2362 feu,
1113 2286 1229 2374 prout
1270 2259 1604 2348 WA·LL181Us
1637 2259 1861 2357 contendit,
1896 2255 2072 2356 Neliano,
2103 2285 2185 2370 quo
2214 2256 2387 2370 primum

981 2374 1174 2466 Parabola
1199 2377 1382 2461 cubicalis
1407 2372 1626 2460 secundaria
1656 2375 1853 2460 testificari
1883 2378 2036 2490 coepit,
2067 2373 2272 2485 nobilitate
2300 2399 2387 2457 non

891 2584 894 2590 ,
982 2495 1107 2580 modo
1134 2523 1217 2600 non
1240 2494 1367 2592 cedit,
1398 2487 1466 2576 sed
1501 2493 1629 2575 multis
1651 2488 1861 2605 parasangis
1883 2493 2090 2606 praecellit,
2116 2490 2206 2576 frid
2224 2491 2386 2575 aestima-

982 2638 1027 2696 te
1047 2611 1213 2694 velimus
1236 2639 1285 2695 ex
1313 2606 1537 2694 difficultate
1564 2610 1744 2701 eruendi;
1776 2605 1921 2694 vilescit
1944 2613 2047 2696 enim
2073 2609 2175 2708 hoc,
2205 2613 2245 2690 δι
2271 2605 2386 2692 desiit

841 2835 845 2842 Ι
984 2721 1061 2834 elle
1089 2755 1266 2827 novum,
1293 2754 1342 2810 ex
1374 2753 1457 2839 quo
1484 2725 1662 2810 methodi
1698 2725 1993 2813 infinitesrmales
2019 2727 2258 2826 inclaruere,
2292 2751 2385 2806 cum

982 2868 1117 2928 catum
1140 2843 1246 2926 nulla
1275 2841 1345 2942 fit,
1377 2871 1462 2954 quae
1494 2871 1596 2944 non,
1628 2843 1904 2930 immediate&
1923 2843 2125 2944 facillime,
2150 2843 2259 2950 hujus
2275 2835 2384 2924 Cur·

982 2987 1042 3041 vae
1071 2960 1300 3071 parabolicae
1330 2951 1557 3043 secundariae
1580 2961 1893 3048 reuificationem
1914 2961 2123 3060 exhibeat,
2151 2966 2191 3044 δι
2211 2959 2277 3042 vel
2304 2959 2380 3070 pri-

982 3103 1051 3158 mo
1082 3077 1222 3159 mentis
1251 3075 1407 3160 obtutu.
1467 3073 1616 3164 Nostra
1647 3107 1744 3164 vero
1773 3081 1980 3192 primaria,
2012 3079 2215 3190 postquam
2244 3100 2384 3159 omnes

980 3187 1281 3278 Geometrarum
1304 3193 1387 3301 ejus
1407 3191 1686 3280 dimensronem
1711 3200 1961 3308 querentium
1986 3189 2141 3280 sudores
2164 3199 2204 3277 dc
2226 3193 2383 3276 labores

979 3310 1134 3393 asienus
1161 3307 1294 3408 elusrt,
1330 3307 1447 3392 nobis
1474 3311 1514 3392 in
1541 3334 1691 3394 tantum
1718 3306 2017 3412 obsecundavit,
2053 3337 2095 3396 ut
2116 3339 2270 3395 arcuum
2293 3305 2382 3393 suo·

980 3451 1066 3510 tum
1086 3425 1302 3510 differentia
1326 3419 1563 3525 mensuram,
1591 3429 1700 3511 rectis
1731 3429 1841 3512 lineis
1868 3429 2082 3542 algebraice
2106 3427 2381 3513 determinabi-
2532 3481 2533 3486 a

846 3591 854 3600 ·
980 3541 1083 3641 lem,
1108 3569 1133 3625 a
1161 3541 1278 3624 nobis
1304 3543 1508 3652 acciperet.
1569 3539 1664 3630 Nec
1685 3543 1834 3645 video,
1865 3574 1943 3660 qua
1972 3549 2045 3630 alia
2063 3547 2153 3644 via,
2178 3573 2294 3659 quam
2318 3545 2380 3628 hic

979 3653 1223 3772 praescripta,
1254 3656 1305 3740 ad
1340 3657 1452 3766 hujus
1489 3663 1755 3772 cognitionem
1788 3664 1979 3774 perveniri
2005 3659 2198 3774 potuisset.
2258 3657 2379 3773 Egre-

977 3777 1083 3891 giam
1106 3775 1289 3889 adeoque
1319 3771 1530 3860 habuilsem
1563 3777 1828 3880 occasionem,
1853 3779 1906 3880 fi,
1937 3775 2122 3892 suppressa
2150 3777 2343 3863 methodo
2365 3835 2392 3877 ,-

978 3893 1063 3975 aliis
1086 3892 1192 3978 idem
1223 3891 1504 4005 problematice
1532 3893 1817 4008 proponendo,
1841 3925 1950 3980 vanae
1972 3897 2144 4010 gloriolae
2167 3897 2275 3980 litare
2305 3924 2381 3980 vo·
2531 3893 2532 3952 l

978 4003 1150 4093 luillem:
1176 4005 1243 4095 sed
1269 4011 1386 4092 malui
1417 4011 1582 4122 publica
1616 4039 1732 4124 quam
1758 4015 1920 4126 propriae
1951 4015 2104 4098 utilitati
2139 4008 2379 4126 prospicere,

978 4127 1217 4236 exponendo
1243 4129 1445 4210 inventum
1474 4124 1550 4212 fine
1575 4157 1733 4242 pompa.
1792 4125 1836 4214 ln
1866 4131 2016 4245 vulgari
2051 4127 2239 4216 Parabola
2268 4133 2380 4214 coni·

977 4269 1023 4328 ca
1053 4241 1218 4327 eandem
1248 4272 1330 4326 rem
1359 4243 1533 4354 praestiti,
1567 4239 1740 4357 utsupra
1766 4247 1867 4332 dixi:
1901 4249 1998 4332 illud
2030 4273 2182 4347 autem,
2213 4276 2300 4330 cum
2330 4277 2380 4334 cx

977 4359 1083 4446 nuda
1108 4360 1327 4448 attentione
1346 4357 1398 4441 ad
1424 4353 1703 4472 Hyperbolam
1726 4365 1828 4448 ultro
1851 4369 1967 4463 fluat,
1992 4391 2066 4474 prae
2089 4363 2167 4447 hoc
2189 4393 2299 4448 novo
2318 4369 2379 4452 ni·

817 4485 902 4555 TAB.
912 4483 967 4548 x1.
980 4475 1050 4560 hili
1076 4477 1193 4566 facio.
1237 4475 1296 4564 Sit
1313 4479 1447 4588 itaque
1462 4472 1653 4562 Parabola
1669 4479 1850 4565 cubitalis
1865 4480 2038 4592 primaria
2050 4474 2185 4578 ABC,
2201 4480 2299 4593 (Fig-
2318 4495 2376 4590 a.)

803 4567 926 4733 322¹*
980 4591 1021 4675 in
1049 4623 1127 4706 qua
1148 4625 1255 4681 arcus
1278 4591 1471 4706 expositus
1493 4589 1603 4686 Ber
1637 4624 1660 4679 a
1688 4601 1835 4709 punilis
1856 4593 1891 4682 B
1914 4602 1953 4680 δι
1976 4587 2018 4680 C
2038 4594 2225 4682 ducantur
2252 4604 2375 4714 appli-

978 4731 1071 4792 catae
1100 4707 1199 4814 BF,
1225 4707 1344 4802 CGr
1370 4703 1536 4796 sumatur
1560 4706 1634 4798 Al
1666 4715 1820 4828 aequalis
1852 4715 1971 4798 tertiae
2006 4718 2289 4828 proportionali
2324 4717 2376 4806 ad

976 4825 1222 4939 vigecuplam
1244 4824 1455 4940 septuplam
1481 4825 1586 4930 AF,
1611 4836 1652 4914 δι
1678 4831 1730 4915 ad
1786 4855 2013 4916 aramenum
2039 4827 2260 4926 Parabolaer
2289 4835 2374 4922 fiat·

977 4971 1056 5060 que
1080 4966 1126 5028 ut
1150 4939 1316 5031 AGad
1341 4938 1519 5034 narra
1540 4943 1611 5034 ΑΙ
1634 4942 1749 5034 adA
1822 4948 1909 5038 aad
1937 4944 2115 5046 pundal
2140 4945 2253 5036 &H
2277 4953 2373 5039 duc·
2528 4983 2529 4989 ¹

851 5093 856 5104 ’
975 5081 1025 5147 ta
1051 5063 1249 5181 applicate
1276 5053 1362 5160 15,
1396 5057 1502 5154 HD
1524 5059 1748 5154 resecabunt
1776 5093 1905 5152 arcum
1924 5061 2039 5170 DE,
2063 5069 2132 5184 qui
2153 5071 2303 5157 ablatus
2322 5101 2373 5158 ex

2281 5215 2372 5280 arco
