<?xml version="1.0" encoding="UTF-8"?>
<!DOCTYPE html PUBLIC "-//W3C//DTD XHTML 1.0 Transitional//EN"
    "http://www.w3.org/TR/xhtml1/DTD/xhtml1-transitional.dtd">
<html xmlns="http://www.w3.org/1999/xhtml" xml:lang="en" lang="en">
 <head>
  <title>
</title>
<meta http-equiv="Content-Type" content="text/html;charset=utf-8" />
  <meta name='ocr-system' content='tesseract 3.04.00' />
  <meta name='ocr-capabilities' content='ocr_page ocr_carea ocr_par ocr_line ocrx_word'/>
</head>
<body>
  <div class='ocr_page' id='page_1' title='image "./operaomnia00primgoog_0228.png"; bbox 0 0 5500 6884; ppageno 0'>
   <div class='ocr_carea' id='block_1_1' title="bbox 931 734 2280 927">
    <p class='ocr_par' dir='ltr' id='par_1_1' title="bbox 931 734 2280 927">
     <span class='ocr_line' id='line_1_1' title="bbox 931 734 2280 927; baseline -0.014 -35"><span class='ocrx_word' id='word_1_1' title='bbox 931 800 1026 927; x_wconf 72' lang='lat' dir='ltr'>na</span> <span class='ocrx_word' id='word_1_2' title='bbox 1045 785 1125 883; x_wconf 77' lang='lat' dir='ltr'>m.</span> <span class='ocrx_word' id='word_1_3' title='bbox 1148 747 1361 880; x_wconf 72' lang='lat' dir='ltr'>&gt;norm</span> <span class='ocrx_word' id='word_1_4' title='bbox 1384 774 1674 927; x_wconf 73' lang='lat' dir='ltr'>rammam</span> <span class='ocrx_word' id='word_1_5' title='bbox 1690 785 1940 877; x_wconf 81' lang='lat' dir='ltr'>cAuernr</span> <span class='ocrx_word' id='word_1_6' title='bbox 1950 734 2280 879; x_wconf 67' lang='lat' dir='ltr'>monerer.</span> 
     </span>
    </p>
   </div>
   <div class='ocr_carea' id='block_1_2' title="bbox 932 954 2328 1307">
    <p class='ocr_par' dir='ltr' id='par_1_2' title="bbox 932 954 2328 1307">
     <span class='ocr_line' id='line_1_2' title="bbox 932 954 2328 1072; baseline -0.007 -27"><span class='ocrx_word' id='word_1_7' title='bbox 932 972 1113 1047; x_wconf 76' lang='lat' dir='ltr'>rationem</span> <span class='ocrx_word' id='word_1_8' title='bbox 1124 996 1137 1054; x_wconf 86' lang='lat'>‚-</span> <span class='ocrx_word' id='word_1_9' title='bbox 1169 983 1246 1057; x_wconf 82' lang='grc' dir='ltr'>ιιι,</span> <span class='ocrx_word' id='word_1_10' title='bbox 1277 954 1389 1072; x_wconf 91' lang='lat' dir='ltr'>quod</span> <span class='ocrx_word' id='word_1_11' title='bbox 1403 1044 1406 1051; x_wconf 78' lang='grc'>,</span> <span class='ocrx_word' id='word_1_12' title='bbox 1420 960 1499 1065; x_wconf 90' lang='lat' dir='ltr'>jam</span> <span class='ocrx_word' id='word_1_13' title='bbox 1534 958 1742 1070; x_wconf 77' lang='lat' dir='ltr'>aliquoties</span> <span class='ocrx_word' id='word_1_14' title='bbox 1776 957 1904 1042; x_wconf 88' lang='lat' dir='ltr'>facere</span> <span class='ocrx_word' id='word_1_15' title='bbox 1939 959 2073 1058; x_wconf 85' lang='lat' dir='ltr'>volui,</span> <span class='ocrx_word' id='word_1_16' title='bbox 2106 954 2238 1044; x_wconf 85' lang='lat' dir='ltr'>ansam</span> <span class='ocrx_word' id='word_1_17' title='bbox 2258 959 2328 1069; x_wconf 60' lang='lat'>¹³²⁴</span> 
     </span>
     <span class='ocr_line' id='line_1_3' title="bbox 934 1072 2326 1188; baseline -0.002 -25"><span class='ocrx_word' id='word_1_18' title='bbox 934 1080 1050 1163; x_wconf 90' lang='lat' dir='ltr'>beam</span> <span class='ocrx_word' id='word_1_19' title='bbox 1068 1089 1070 1093; x_wconf 80' lang='grc'><strong>’</strong></span> <span class='ocrx_word' id='word_1_20' title='bbox 1087 1073 1310 1188; x_wconf 68' lang='lat' dir='ltr'>exponendi</span> <span class='ocrx_word' id='word_1_21' title='bbox 1345 1072 1508 1157; x_wconf 87' lang='lat' dir='ltr'>modum</span> <span class='ocrx_word' id='word_1_22' title='bbox 1537 1074 1724 1157; x_wconf 71' lang='lat' dir='ltr'>tradandi</span> <span class='ocrx_word' id='word_1_23' title='bbox 1748 1077 1983 1187; x_wconf 83' lang='lat' dir='ltr'>aquationes</span> <span class='ocrx_word' id='word_1_24' title='bbox 2013 1102 2247 1173; x_wconf 84' lang='lat' dir='ltr'>curvarum,</span> <span class='ocrx_word' id='word_1_25' title='bbox 2284 1077 2326 1160; x_wconf 87' lang='lat' dir='ltr'>in</span> 
     </span>
     <span class='ocr_line' id='line_1_4' title="bbox 933 1184 2326 1307; baseline -0.003 -28"><span class='ocrx_word' id='word_1_26' title='bbox 933 1195 1076 1307; x_wconf 79' lang='lat' dir='ltr'>quibus</span> <span class='ocrx_word' id='word_1_27' title='bbox 1102 1193 1395 1278; x_wconf 87' lang='lat' dir='ltr'>indeterminata</span> <span class='ocrx_word' id='word_1_28' title='bbox 1424 1214 1665 1302; x_wconf 83' lang='lat' dir='ltr'>exponentes</span> <span class='ocrx_word' id='word_1_29' title='bbox 1691 1188 1914 1305; x_wconf 62' lang='lat' dir='ltr'>ingreditur}</span> <span class='ocrx_word' id='word_1_30' title='bbox 1976 1184 2101 1298; x_wconf 88' lang='lat' dir='ltr'>Cujus</span> <span class='ocrx_word' id='word_1_31' title='bbox 2130 1192 2326 1276; x_wconf 89' lang='lat' dir='ltr'>inventio·</span> 
     </span>
    </p>
   </div>
   <div class='ocr_carea' id='block_1_3' title="bbox 716 1306 2325 1425">
    <p class='ocr_par' dir='ltr' id='par_1_3' title="bbox 716 1306 2325 1425">
     <span class='ocr_line' id='line_1_5' title="bbox 716 1306 2325 1425; baseline 0.001 -32"><span class='ocrx_word' id='word_1_32' title='bbox 716 1418 721 1425; x_wconf 26' lang='lat'><strong>·</strong></span> <span class='ocrx_word' id='word_1_33' title='bbox 837 1364 841 1367; x_wconf 94' lang='lat'><em>-</em></span> <span class='ocrx_word' id='word_1_34' title='bbox 931 1338 1024 1400; x_wconf 87' lang='lat' dir='ltr'>nem</span> <span class='ocrx_word' id='word_1_35' title='bbox 1043 1334 1201 1395; x_wconf 84' lang='lat' dir='ltr'>eatenus</span> <span class='ocrx_word' id='word_1_36' title='bbox 1223 1309 1318 1390; x_wconf 89' lang='lat' dir='ltr'>mihi</span> <span class='ocrx_word' id='word_1_37' title='bbox 1337 1308 1545 1392; x_wconf 79' lang='lat' dir='ltr'>attribuere</span> <span class='ocrx_word' id='word_1_38' title='bbox 1567 1306 1622 1391; x_wconf 87' lang='lat' dir='ltr'>fas</span> <span class='ocrx_word' id='word_1_39' title='bbox 1641 1308 1720 1403; x_wconf 83' lang='lat' dir='ltr'>est3</span> <span class='ocrx_word' id='word_1_40' title='bbox 1738 1306 1869 1420; x_wconf 87' lang='lat' dir='ltr'>quod,</span> <span class='ocrx_word' id='word_1_41' title='bbox 1893 1310 1970 1415; x_wconf 85' lang='lat' dir='ltr'>jam</span> <span class='ocrx_word' id='word_1_42' title='bbox 1992 1332 2081 1391; x_wconf 90' lang='lat' dir='ltr'>ante</span> <span class='ocrx_word' id='word_1_43' title='bbox 2106 1310 2325 1421; x_wconf 62' lang='lat' dir='ltr'>quinquen*</span> 
     </span>
    </p>
   </div>
   <div class='ocr_carea' id='block_1_4' title="bbox 811 1418 2452 4669">
    <p class='ocr_par' dir='ltr' id='par_1_4' title="bbox 811 1418 2452 4669">
     <span class='ocr_line' id='line_1_6' title="bbox 932 1418 2452 1536; baseline 0.001 -29"><span class='ocrx_word' id='word_1_44' title='bbox 932 1428 1067 1524; x_wconf 84' lang='lat' dir='ltr'>nium,</span> <span class='ocrx_word' id='word_1_45' title='bbox 1093 1419 1228 1536; x_wconf 84' lang='lat' dir='ltr'>sponte</span> <span class='ocrx_word' id='word_1_46' title='bbox 1251 1454 1342 1511; x_wconf 82' lang='lat' dir='ltr'>mea</span> <span class='ocrx_word' id='word_1_47' title='bbox 1365 1453 1416 1507; x_wconf 91' lang='lat' dir='ltr'>eo</span> <span class='ocrx_word' id='word_1_48' title='bbox 1442 1425 1746 1535; x_wconf 83' lang='lat' dir='ltr'>penetraverint,</span> <span class='ocrx_word' id='word_1_49' title='bbox 1781 1418 1868 1507; x_wconf 90' lang='lat' dir='ltr'>Dn.</span> <span class='ocrx_word' id='word_1_50' title='bbox 1895 1418 2210 1512; x_wconf 70' lang='lat' dir='ltr'>LEIBNl&#39;rIo</span> <span class='ocrx_word' id='word_1_51' title='bbox 2243 1452 2325 1509; x_wconf 91' lang='lat' dir='ltr'>non</span> <span class='ocrx_word' id='word_1_52' title='bbox 2446 1432 2452 1447; x_wconf 91' lang='lat'>&#39;</span> 
     </span>
     <span class='ocr_line' id='line_1_7' title="bbox 931 1536 2326 1653; baseline -0.001 -30"><span class='ocrx_word' id='word_1_53' title='bbox 931 1546 1156 1640; x_wconf 84' lang='lat' dir='ltr'>monente,</span> <span class='ocrx_word' id='word_1_54' title='bbox 1192 1536 1244 1623; x_wconf 86' lang='lat' dir='ltr'>¹ut</span> <span class='ocrx_word' id='word_1_55' title='bbox 1284 1536 1361 1653; x_wconf 88' lang='lat' dir='ltr'>ipse</span> <span class='ocrx_word' id='word_1_56' title='bbox 1394 1538 1533 1625; x_wconf 72' lang='lat' dir='ltr'>faretra</span> <span class='ocrx_word' id='word_1_57' title='bbox 1570 1540 1611 1623; x_wconf 91' lang='lat' dir='ltr'>in</span> <span class='ocrx_word' id='word_1_58' title='bbox 1647 1538 1757 1623; x_wconf 63' lang='lat' dir='ltr'>Anas</span> <span class='ocrx_word' id='word_1_59' title='bbox 1790 1537 1907 1623; x_wconf 84' lang='lat' dir='ltr'>Anni</span> <span class='ocrx_word' id='word_1_60' title='bbox 1946 1559 2084 1641; x_wconf 86' lang='lat'>1695,</span> <span class='ocrx_word' id='word_1_61' title='bbox 2124 1568 2164 1650; x_wconf 85' lang='lat' dir='ltr'>p.</span> <span class='ocrx_word' id='word_1_62' title='bbox 2204 1566 2326 1648; x_wconf 72' lang='lat'>3143</span> 
     </span>
     <span class='ocr_line' id='line_1_8' title="bbox 850 1650 2322 1769; baseline 0.003 -30"><span class='ocrx_word' id='word_1_63' title='bbox 850 1674 875 1733; x_wconf 67' lang='grc' dir='ltr'><strong>ἢ</strong></span> <span class='ocrx_word' id='word_1_64' title='bbox 931 1656 1043 1769; x_wconf 92' lang='lat' dir='ltr'>quod</span> <span class='ocrx_word' id='word_1_65' title='bbox 1076 1656 1210 1769; x_wconf 92' lang='lat' dir='ltr'>utique</span> <span class='ocrx_word' id='word_1_66' title='bbox 1235 1684 1317 1741; x_wconf 90' lang='lat' dir='ltr'>non</span> <span class='ocrx_word' id='word_1_67' title='bbox 1355 1657 1445 1741; x_wconf 86' lang='lat' dir='ltr'>leve</span> <span class='ocrx_word' id='word_1_68' title='bbox 1480 1682 1745 1769; x_wconf 80' lang='lat' dir='ltr'>argumentum</span> <span class='ocrx_word' id='word_1_69' title='bbox 1774 1656 1936 1741; x_wconf 80' lang='lat' dir='ltr'>deberet</span> <span class='ocrx_word' id='word_1_70' title='bbox 1964 1652 2060 1753; x_wconf 87' lang='lat' dir='ltr'>elle,</span> <span class='ocrx_word' id='word_1_71' title='bbox 2096 1654 2198 1765; x_wconf 90' lang='lat' dir='ltr'>apud</span> <span class='ocrx_word' id='word_1_72' title='bbox 2234 1650 2322 1743; x_wconf 81' lang='lat' dir='ltr'>Dn.</span> 
     </span>
     <span class='ocr_line' id='line_1_9' title="bbox 897 1756 2323 1889; baseline -0.004 -30"><span class='ocrx_word' id='word_1_73' title='bbox 897 1756 1352 1863; x_wconf 67' lang='lat' dir='ltr'>&#39;N&#39;Ia&#39;vwartuu&#39;r</span> <span class='ocrx_word' id='word_1_74' title='bbox 1385 1766 1586 1889; x_wconf 74' lang='lat' dir='ltr'>praesertim</span> <span class='ocrx_word' id='word_1_75' title='bbox 1615 1773 1847 1871; x_wconf 82' lang='lat' dir='ltr'>valiturum,</span> <span class='ocrx_word' id='word_1_76' title='bbox 1877 1770 2065 1855; x_wconf 83' lang='lat' dir='ltr'>calculum</span> <span class='ocrx_word' id='word_1_77' title='bbox 2091 1769 2323 1861; x_wconf 80' lang='lat' dir='ltr'>differentia·</span> 
     </span>
     <span class='ocr_line' id='line_1_10' title="bbox 929 1886 2359 2000; baseline -0.006 -29"><span class='ocrx_word' id='word_1_78' title='bbox 929 1888 1038 1989; x_wconf 86' lang='lat' dir='ltr'>lem,</span> <span class='ocrx_word' id='word_1_79' title='bbox 1058 1888 1403 2000; x_wconf 83' lang='lat' dir='ltr'>exponentialibus</span> <span class='ocrx_word' id='word_1_80' title='bbox 1439 1892 1565 1997; x_wconf 81' lang='lat' dir='ltr'>curuis</span> <span class='ocrx_word' id='word_1_81' title='bbox 1592 1888 1841 1987; x_wconf 86' lang='lat' dir='ltr'>adhibitum,</span> <span class='ocrx_word' id='word_1_82' title='bbox 1869 1887 1982 1997; x_wconf 89' lang='lat' dir='ltr'>plane</span> <span class='ocrx_word' id='word_1_83' title='bbox 2007 1887 2120 1969; x_wconf 89' lang='lat' dir='ltr'>nullis</span> <span class='ocrx_word' id='word_1_84' title='bbox 2147 1886 2326 1972; x_wconf 84' lang='lat' dir='ltr'>laborare</span> <span class='ocrx_word' id='word_1_85' title='bbox 2353 1946 2359 1963; x_wconf 87' lang='lat'><em>.</em></span> 
     </span>
     <span class='ocr_line' id='line_1_11' title="bbox 929 2000 2321 2114; baseline 0 -29"><span class='ocrx_word' id='word_1_86' title='bbox 929 2002 1231 2094; x_wconf 79' lang='lat' dir='ltr'>difficultatibus.</span> <span class='ocrx_word' id='word_1_87' title='bbox 1292 2000 1691 2101; x_wconf 84' lang='lat' dir='ltr'>Gaudebointerim,</span> <span class='ocrx_word' id='word_1_88' title='bbox 1725 2002 1752 2085; x_wconf 84' lang='lat' dir='ltr'>st</span> <span class='ocrx_word' id='word_1_89' title='bbox 1783 2004 1989 2114; x_wconf 83' lang='lat' dir='ltr'>explicatio</span> <span class='ocrx_word' id='word_1_90' title='bbox 2021 2030 2109 2087; x_wconf 92' lang='lat' dir='ltr'>mea</span> <span class='ocrx_word' id='word_1_91' title='bbox 2135 2005 2321 2113; x_wconf 86' lang='lat' dir='ltr'>prolixior</span> 
     </span>
     <span class='ocr_line' id='line_1_12' title="bbox 902 2110 2323 2231; baseline -0.001 -27"><span class='ocrx_word' id='word_1_92' title='bbox 902 2114 1161 2224; x_wconf 69' lang='lat' dir='ltr'>*Dodill&#39;rmo</span> <span class='ocrx_word' id='word_1_93' title='bbox 1194 2115 1691 2209; x_wconf 79' lang='lat' dir='ltr'>NIEUWENTHTIO</span> <span class='ocrx_word' id='word_1_94' title='bbox 1729 2110 1963 2231; x_wconf 81' lang='lat' dir='ltr'>scopulum,</span> <span class='ocrx_word' id='word_1_95' title='bbox 2001 2145 2118 2229; x_wconf 92' lang='lat' dir='ltr'>quem</span> <span class='ocrx_word' id='word_1_96' title='bbox 2151 2116 2251 2201; x_wconf 90' lang='lat' dir='ltr'>forte</span> <span class='ocrx_word' id='word_1_97' title='bbox 2279 2121 2323 2203; x_wconf 87' lang='lat' dir='ltr'>in</span> 
     </span>
     <span class='ocr_line' id='line_1_13' title="bbox 926 2229 2429 2339; baseline 0.003 -22"><span class='ocrx_word' id='word_1_98' title='bbox 926 2229 1112 2339; x_wconf 69' lang='lat' dir='ltr'>succincta</span> <span class='ocrx_word' id='word_1_99' title='bbox 1144 2234 1257 2318; x_wconf 82' lang='lat' dir='ltr'>trimis</span> <span class='ocrx_word' id='word_1_100' title='bbox 1284 2234 1517 2318; x_wconf 70' lang='lat' dir='ltr'>leibnitiana</span> <span class='ocrx_word' id='word_1_101' title='bbox 1548 2234 1740 2333; x_wconf 85' lang='lat' dir='ltr'>offendit,</span> <span class='ocrx_word' id='word_1_102' title='bbox 1773 2230 2043 2321; x_wconf 88' lang='lat' dir='ltr'>summoverit:</span> <span class='ocrx_word' id='word_1_103' title='bbox 2076 2233 2132 2322; x_wconf 85' lang='lat' dir='ltr'>fin</span> <span class='ocrx_word' id='word_1_104' title='bbox 2161 2236 2318 2339; x_wconf 84' lang='lat' dir='ltr'>minua,</span> <span class='ocrx_word' id='word_1_105' title='bbox 2424 2294 2429 2301; x_wconf 93' lang='lat'>-</span> 
     </span>
     <span class='ocr_line' id='line_1_14' title="bbox 811 2348 2252 2463; baseline 0.005 -31"><span class='ocrx_word' id='word_1_106' title='bbox 811 2444 816 2451; x_wconf 42' lang='grc'><strong>,</strong></span> <span class='ocrx_word' id='word_1_107' title='bbox 925 2377 999 2463; x_wconf 91' lang='lat' dir='ltr'>pro</span> <span class='ocrx_word' id='word_1_108' title='bbox 1027 2352 1189 2463; x_wconf 86' lang='lat' dir='ltr'>publico</span> <span class='ocrx_word' id='word_1_109' title='bbox 1218 2375 1352 2438; x_wconf 84' lang='lat' dir='ltr'>tamen·</span> <span class='ocrx_word' id='word_1_110' title='bbox 1376 2348 1567 2437; x_wconf 77' lang='lat' dir='ltr'>laboralle·</span> <span class='ocrx_word' id='word_1_111' title='bbox 1588 2380 1669 2435; x_wconf 94' lang='lat' dir='ltr'>non</span> <span class='ocrx_word' id='word_1_112' title='bbox 1697 2350 1862 2463; x_wconf 75' lang='lat' dir='ltr'>pigebiu</span> <span class='ocrx_word' id='word_1_113' title='bbox 1990 2400 2002 2411; x_wconf 83' lang='lat'><em>-</em></span> <span class='ocrx_word' id='word_1_114' title='bbox 2246 2436 2252 2453; x_wconf 79' lang='grc'>,</span> 
     </span>
     <span class='ocr_line' id='line_1_15' title="bbox 986 2465 2319 2580; baseline 0 -29"><span class='ocrx_word' id='word_1_115' title='bbox 986 2465 1262 2579; x_wconf 79' lang='lat' dir='ltr'>Quantitatern</span> <span class='ocrx_word' id='word_1_116' title='bbox 1285 2470 1476 2553; x_wconf 81' lang='lat' dir='ltr'>elevatam</span> <span class='ocrx_word' id='word_1_117' title='bbox 1503 2467 1559 2551; x_wconf 89' lang='lat' dir='ltr'>ad.</span> <span class='ocrx_word' id='word_1_118' title='bbox 1578 2470 1794 2580; x_wconf 89' lang='lat' dir='ltr'>potentiam</span> <span class='ocrx_word' id='word_1_119' title='bbox 1813 2466 2145 2553; x_wconf 69' lang='lat' dir='ltr'>indeterminatam</span> <span class='ocrx_word' id='word_1_120' title='bbox 2172 2476 2190 2567; x_wconf 79' lang='lat'><strong><em>(</em></strong></span> <span class='ocrx_word' id='word_1_121' title='bbox 2209 2484 2319 2551; x_wconf 60' lang='lat' dir='ltr'>antei</span> 
     </span>
     <span class='ocr_line' id='line_1_16' title="bbox 925 2578 2316 2694; baseline 0.002 -29"><span class='ocrx_word' id='word_1_122' title='bbox 925 2586 1043 2694; x_wconf 80' lang='lat' dir='ltr'>quiam</span> <span class='ocrx_word' id='word_1_123' title='bbox 1063 2578 1282 2667; x_wconf 71' lang='lat' dir='ltr'>haec&#39;etiam</span> <span class='ocrx_word' id='word_1_124' title='bbox 1297 2579 1568 2669; x_wconf 80' lang='lat' dir='ltr'>ernnrrr</span> <span class='ocrx_word' id='word_1_125' title='bbox 1578 2606 1613 2669; x_wconf 91' lang='lat'>0</span> <span class='ocrx_word' id='word_1_126' title='bbox 1634 2580 1869 2669; x_wconf 76' lang='lat' dir='ltr'>considerata</span> <span class='ocrx_word' id='word_1_127' title='bbox 1893 2581 2182 2691; x_wconf 77' lang='lat' dir='ltr'>intellexissem)</span> <span class='ocrx_word' id='word_1_128' title='bbox 2200 2610 2316 2668; x_wconf 82' lang='lat' dir='ltr'>uoca-</span> 
     </span>
     <span class='ocr_line' id='line_1_17' title="bbox 924 2696 2319 2813; baseline 0.002 -32"><span class='ocrx_word' id='word_1_129' title='bbox 924 2696 1018 2781; x_wconf 84' lang='lat' dir='ltr'>bam</span> <span class='ocrx_word' id='word_1_130' title='bbox 1049 2724 1347 2808; x_wconf 76' lang='lat' dir='ltr'>percurrentem,</span> <span class='ocrx_word' id='word_1_131' title='bbox 1389 2702 1481 2813; x_wconf 91' lang='lat' dir='ltr'>quia</span> <span class='ocrx_word' id='word_1_132' title='bbox 1520 2728 1657 2784; x_wconf 89' lang='lat' dir='ltr'>omnes</span> <span class='ocrx_word' id='word_1_133' title='bbox 1694 2697 1886 2809; x_wconf 83' lang='lat' dir='ltr'>pollrbiles</span> <span class='ocrx_word' id='word_1_134' title='bbox 1925 2698 2177 2785; x_wconf 74' lang='lat' dir='ltr'>dimensiones</span> <span class='ocrx_word' id='word_1_135' title='bbox 2215 2698 2319 2812; x_wconf 82' lang='lat' dir='ltr'>quafi</span> 
     </span>
     <span class='ocr_line' id='line_1_18' title="bbox 823 2808 2318 2931; baseline 0.002 -35"><span class='ocrx_word' id='word_1_136' title='bbox 823 2878 828 2931; x_wconf 87' lang='lat'>:</span> <span class='ocrx_word' id='word_1_137' title='bbox 921 2816 1121 2925; x_wconf 86' lang='lat' dir='ltr'>percurrit.</span> <span class='ocrx_word' id='word_1_138' title='bbox 1181 2809 1296 2899; x_wconf 88' lang='lat' dir='ltr'>Hine</span> <span class='ocrx_word' id='word_1_139' title='bbox 1324 2816 1563 2929; x_wconf 79' lang='lat' dir='ltr'>aquationes</span> <span class='ocrx_word' id='word_1_140' title='bbox 1592 2814 1867 2929; x_wconf 78' lang='lat' dir='ltr'>quantitatibus</span> <span class='ocrx_word' id='word_1_141' title='bbox 1897 2808 2114 2924; x_wconf 85' lang='lat' dir='ltr'>hujusmodi</span> <span class='ocrx_word' id='word_1_142' title='bbox 2142 2816 2318 2901; x_wconf 85' lang='lat' dir='ltr'>constan·</span> 
     </span>
     <span class='ocr_line' id='line_1_19' title="bbox 921 2923 2318 3044; baseline 0.004 -32"><span class='ocrx_word' id='word_1_143' title='bbox 921 2952 1006 3028; x_wconf 89' lang='lat' dir='ltr'>tes,</span> <span class='ocrx_word' id='word_1_144' title='bbox 1038 2923 1202 3044; x_wconf 68' lang='lat' dir='ltr'>ipsaque</span> <span class='ocrx_word' id='word_1_145' title='bbox 1231 2946 1369 3013; x_wconf 74' lang='lat' dir='ltr'>curua⁴</span> <span class='ocrx_word' id='word_1_146' title='bbox 1386 2960 1467 3043; x_wconf 89' lang='lat' dir='ltr'>per.</span> <span class='ocrx_word' id='word_1_147' title='bbox 1485 2932 1567 3039; x_wconf 78' lang='lat' dir='ltr'>illas</span> <span class='ocrx_word' id='word_1_148' title='bbox 1598 2930 1830 3042; x_wconf 83' lang='lat' dir='ltr'>defignatae,</span> <span class='ocrx_word' id='word_1_149' title='bbox 1861 2932 2003 3021; x_wconf 86' lang='lat' dir='ltr'>eodem</span> <span class='ocrx_word' id='word_1_150' title='bbox 2034 2931 2129 3013; x_wconf 90' lang='lat' dir='ltr'>mihi</span> <span class='ocrx_word' id='word_1_151' title='bbox 2157 2932 2318 3019; x_wconf 86' lang='lat' dir='ltr'>nomine</span> 
     </span>
     <span class='ocr_line' id='line_1_20' title="bbox 920 3042 2317 3161; baseline 0.004 -34"><span class='ocrx_word' id='word_1_152' title='bbox 920 3044 1145 3129; x_wconf 83' lang='lat' dir='ltr'>veniebant.</span> <span class='ocrx_word' id='word_1_153' title='bbox 1208 3042 1416 3154; x_wconf 80' lang='lat' dir='ltr'>Quoniam</span> <span class='ocrx_word' id='word_1_154' title='bbox 1458 3042 1577 3154; x_wconf 62' lang='lat' dir='ltr'>ueros¹</span> <span class='ocrx_word' id='word_1_155' title='bbox 1595 3050 1889 3157; x_wconf 77' lang='lat' dir='ltr'>exponentialiem</span> <span class='ocrx_word' id='word_1_156' title='bbox 1928 3048 2135 3159; x_wconf 87' lang='lat' dir='ltr'>appellatio</span> <span class='ocrx_word' id='word_1_157' title='bbox 2175 3074 2317 3161; x_wconf 85' lang='lat' dir='ltr'>magno</span> 
     </span>
     <span class='ocr_line' id='line_1_21' title="bbox 921 3158 2314 3264; baseline 0.006 -25"><span class='ocrx_word' id='word_1_158' title='bbox 921 3162 1055 3242; x_wconf 84' lang='lat' dir='ltr'>nostro</span> <span class='ocrx_word' id='word_1_159' title='bbox 1086 3158 1310 3247; x_wconf 82' lang='lat' dir='ltr'>Geometrae</span> <span class='ocrx_word' id='word_1_160' title='bbox 1339 3162 1480 3264; x_wconf 75' lang='lat' dir='ltr'>arrisit‘,</span> <span class='ocrx_word' id='word_1_161' title='bbox 1511 3166 1552 3249; x_wconf 89' lang='lat' dir='ltr'>in</span> <span class='ocrx_word' id='word_1_162' title='bbox 1581 3165 1683 3247; x_wconf 82' lang='lat' dir='ltr'>illius</span> <span class='ocrx_word' id='word_1_163' title='bbox 1712 3164 1923 3259; x_wconf 85' lang='lat' dir='ltr'>honorem,</span> <span class='ocrx_word' id='word_1_164' title='bbox 1956 3164 2033 3244; x_wconf 89' lang='lat' dir='ltr'>hoc</span> <span class='ocrx_word' id='word_1_165' title='bbox 2062 3161 2314 3249; x_wconf 22' lang='lat' dir='ltr'>alterumt&#39;noe</span> 
     </span>
     <span class='ocr_line' id='line_1_22' title="bbox 919 3271 2316 3386; baseline 0.006 -32"><span class='ocrx_word' id='word_1_166' title='bbox 919 3298 1017 3377; x_wconf 80' lang='lat' dir='ltr'>men</span> <span class='ocrx_word' id='word_1_167' title='bbox 1043 3281 1083 3357; x_wconf 80' lang='lat' dir='ltr'>dt</span> <span class='ocrx_word' id='word_1_168' title='bbox 1113 3303 1190 3386; x_wconf 86' lang='lat' dir='ltr'>ego</span> <span class='ocrx_word' id='word_1_169' title='bbox 1219 3271 1392 3359; x_wconf 86' lang='lat' dir='ltr'>asciscam</span> <span class='ocrx_word' id='word_1_170' title='bbox 1405 3308 1417 3367; x_wconf 77' lang='lat' dir='ltr'>r</span> <span class='ocrx_word' id='word_1_171' title='bbox 1449 3276 1559 3359; x_wconf 82' lang='lat' dir='ltr'>milio</span> <span class='ocrx_word' id='word_1_172' title='bbox 1589 3278 1734 3385; x_wconf 92' lang='lat' dir='ltr'>priori,</span> <span class='ocrx_word' id='word_1_173' title='bbox 1765 3303 1815 3357; x_wconf 91' lang='lat' dir='ltr'>ne</span> <span class='ocrx_word' id='word_1_174' title='bbox 1844 3334 1857 3373; x_wconf 90' lang='lat'>,</span> <span class='ocrx_word' id='word_1_175' title='bbox 1888 3276 1998 3385; x_wconf 92' lang='lat' dir='ltr'>quod</span> <span class='ocrx_word' id='word_1_176' title='bbox 2019 3272 2187 3362; x_wconf 80' lang='lat' dir='ltr'>¹subinde</span> <span class='ocrx_word' id='word_1_177' title='bbox 2216 3280 2316 3363; x_wconf 84' lang='lat' dir='ltr'>acci·</span> 
     </span>
     <span class='ocr_line' id='line_1_23' title="bbox 920 3383 2313 3525; baseline 0.009 -57"><span class='ocrx_word' id='word_1_178' title='bbox 920 3384 1005 3525; x_wconf 72' lang='lat' dir='ltr'>dit,</span> <span class='ocrx_word' id='word_1_179' title='bbox 1037 3385 1184 3471; x_wconf 80' lang='lat' dir='ltr'>diuersa</span> <span class='ocrx_word' id='word_1_180' title='bbox 1213 3384 1382 3495; x_wconf 85' lang='lat' dir='ltr'>ejusdem</span> <span class='ocrx_word' id='word_1_181' title='bbox 1411 3392 1467 3478; x_wconf 81' lang='lat' dir='ltr'>rei</span> <span class='ocrx_word' id='word_1_182' title='bbox 1497 3390 1764 3475; x_wconf 87' lang='lat' dir='ltr'>denominatio</span> <span class='ocrx_word' id='word_1_183' title='bbox 1787 3383 1941 3483; x_wconf 70' lang='lat' dir='ltr'>Lectori</span> <span class='ocrx_word' id='word_1_184' title='bbox 1964 3388 2227 3481; x_wconf 76' lang='lat' dir='ltr'>confusionem</span> <span class='ocrx_word' id='word_1_185' title='bbox 2247 3422 2313 3511; x_wconf 83' lang='lat' dir='ltr'>pa-</span> 
     </span>
     <span class='ocr_line' id='line_1_24' title="bbox 919 3528 2143 3595; baseline 0.007 -8"><span class='ocrx_word' id='word_1_186' title='bbox 919 3528 1005 3588; x_wconf 72' lang='lat' dir='ltr'>riat.</span> <span class='ocrx_word' id='word_1_187' title='bbox 2137 3584 2143 3595; x_wconf 92' lang='lat'><strong><em>.</em></strong></span> 
     </span>
     <span class='ocr_line' id='line_1_25' title="bbox 979 3616 2313 3741; baseline 0.006 -36"><span class='ocrx_word' id='word_1_188' title='bbox 979 3616 1302 3731; x_wconf 81' lang='lat' dir='ltr'>Exponentialem</span> <span class='ocrx_word' id='word_1_189' title='bbox 1331 3622 1446 3737; x_wconf 88' lang='lat' dir='ltr'>igitur</span> <span class='ocrx_word' id='word_1_190' title='bbox 1476 3625 1729 3741; x_wconf 88' lang='lat' dir='ltr'>quantitatem</span> <span class='ocrx_word' id='word_1_191' title='bbox 1760 3622 2052 3739; x_wconf 84' lang='lat' dir='ltr'>concipiebam,</span> <span class='ocrx_word' id='word_1_192' title='bbox 2079 3650 2121 3711; x_wconf 87' lang='lat' dir='ltr'>ut</span> <span class='ocrx_word' id='word_1_193' title='bbox 2141 3624 2313 3714; x_wconf 90' lang='lat' dir='ltr'>medium</span> 
     </span>
     <span class='ocr_line' id='line_1_26' title="bbox 919 3733 2314 3853; baseline 0.011 -33"><span class='ocrx_word' id='word_1_194' title='bbox 919 3733 1019 3850; x_wconf 87' lang='lat' dir='ltr'>quid</span> <span class='ocrx_word' id='word_1_195' title='bbox 1045 3739 1144 3821; x_wconf 91' lang='lat' dir='ltr'>inter</span> <span class='ocrx_word' id='word_1_196' title='bbox 1173 3740 1431 3853; x_wconf 82' lang='lat' dir='ltr'>algebraicam.</span> <span class='ocrx_word' id='word_1_197' title='bbox 1465 3750 1505 3827; x_wconf 76' lang='lat' dir='ltr'>dc</span> <span class='ocrx_word' id='word_1_198' title='bbox 1544 3740 1870 3829; x_wconf 88' lang='lat' dir='ltr'>transcendentem</span> <span class='ocrx_word' id='word_1_199' title='bbox 1901 3780 1911 3829; x_wconf 81' lang='lat' dir='ltr'>r</span> <span class='ocrx_word' id='word_1_200' title='bbox 1952 3742 2101 3827; x_wconf 89' lang='lat' dir='ltr'>accedit</span> <span class='ocrx_word' id='word_1_201' title='bbox 2131 3748 2234 3829; x_wconf 92' lang='lat' dir='ltr'>enirn</span> <span class='ocrx_word' id='word_1_202' title='bbox 2262 3745 2314 3837; x_wconf 81' lang='lat' dir='ltr'>ad</span> 
     </span>
     <span class='ocr_line' id='line_1_27' title="bbox 917 3852 2310 3966; baseline 0.005 -29"><span class='ocrx_word' id='word_1_203' title='bbox 917 3852 1200 3966; x_wconf 81' lang='lat' dir='ltr'>algebraicam,</span> <span class='ocrx_word' id='word_1_204' title='bbox 1231 3885 1283 3941; x_wconf 88' lang='lat' dir='ltr'>eo</span> <span class='ocrx_word' id='word_1_205' title='bbox 1343 3858 1426 3942; x_wconf 92' lang='lat' dir='ltr'>uod</span> <span class='ocrx_word' id='word_1_206' title='bbox 1456 3862 1628 3944; x_wconf 81' lang='lat' dir='ltr'>terminis</span> <span class='ocrx_word' id='word_1_207' title='bbox 1656 3858 1806 3958; x_wconf 79' lang='lat' dir='ltr'>finitis,</span> <span class='ocrx_word' id='word_1_208' title='bbox 1841 3885 1884 3943; x_wconf 90' lang='lat' dir='ltr'>ut</span> <span class='ocrx_word' id='word_1_209' title='bbox 1915 3882 1958 3943; x_wconf 91' lang='lat' dir='ltr'>ut</span> <span class='ocrx_word' id='word_1_210' title='bbox 1984 3859 2310 3965; x_wconf 64' lang='lat' dir='ltr'>indeterminans,</span> 
     </span>
     <span class='ocr_line' id='line_1_28' title="bbox 917 3970 2312 4086; baseline 0.009 -34"><span class='ocrx_word' id='word_1_211' title='bbox 917 3970 1096 4061; x_wconf 82' lang='lat' dir='ltr'>constetr</span> <span class='ocrx_word' id='word_1_212' title='bbox 1138 3970 1189 4054; x_wconf 89' lang='lat' dir='ltr'>ad</span> <span class='ocrx_word' id='word_1_213' title='bbox 1328 3975 1557 4062; x_wconf 80' lang='lat' dir='ltr'>tendentem</span> <span class='ocrx_word' id='word_1_214' title='bbox 1590 4004 1719 4074; x_wconf 87' lang='lat' dir='ltr'>vero,</span> <span class='ocrx_word' id='word_1_215' title='bbox 1761 3976 1872 4086; x_wconf 89' lang='lat' dir='ltr'>quod</span> <span class='ocrx_word' id='word_1_216' title='bbox 1900 3976 2004 4059; x_wconf 90' lang='lat' dir='ltr'>nulla</span> <span class='ocrx_word' id='word_1_217' title='bbox 2033 3980 2312 4065; x_wconf 72' lang='lat' dir='ltr'>conmunione</span> 
     </span>
     <span class='ocr_line' id='line_1_29' title="bbox 916 4085 2311 4209; baseline 0.004 -38"><span class='ocrx_word' id='word_1_218' title='bbox 916 4085 1133 4196; x_wconf 74' lang='lat' dir='ltr'>algebraica</span> <span class='ocrx_word' id='word_1_219' title='bbox 1163 4088 1336 4175; x_wconf 87' lang='lat' dir='ltr'>exhiberi</span> <span class='ocrx_word' id='word_1_220' title='bbox 1393 4092 1488 4178; x_wconf 84' lang='lat' dir='ltr'>offit.</span> <span class='ocrx_word' id='word_1_221' title='bbox 1548 4088 1661 4178; x_wconf 79' lang='lat' dir='ltr'>Hinc</span> <span class='ocrx_word' id='word_1_222' title='bbox 1692 4092 1994 4205; x_wconf 60' lang='lat' dir='ltr'>toll1gereest5</span> <span class='ocrx_word' id='word_1_223' title='bbox 2039 4121 2154 4205; x_wconf 91' lang='lat' dir='ltr'>quam</span> <span class='ocrx_word' id='word_1_224' title='bbox 2184 4088 2311 4209; x_wconf 78' lang='lat' dir='ltr'>super-</span> 
     </span>
     <span class='ocr_line' id='line_1_30' title="bbox 916 4199 2309 4325; baseline 0.007 -42"><span class='ocrx_word' id='word_1_225' title='bbox 916 4204 1016 4284; x_wconf 72' lang='lat' dir='ltr'>ssuus</span> <span class='ocrx_word' id='word_1_226' title='bbox 1045 4199 1160 4285; x_wconf 83' lang='lat' dir='ltr'>fiterit</span> <span class='ocrx_word' id='word_1_227' title='bbox 1187 4207 1297 4312; x_wconf 81' lang='lat' dir='ltr'>jocus</span> <span class='ocrx_word' id='word_1_228' title='bbox 1386 4230 1613 4309; x_wconf 74' lang='lat' dir='ltr'>uenatu,</span> <span class='ocrx_word' id='word_1_229' title='bbox 1640 4235 1779 4293; x_wconf 51' lang='lat' dir='ltr'>curvas*</span> <span class='ocrx_word' id='word_1_230' title='bbox 1796 4209 2085 4321; x_wconf 85' lang='lat' dir='ltr'>exponentiales</span> <span class='ocrx_word' id='word_1_231' title='bbox 2114 4210 2309 4325; x_wconf 81' lang='lat' dir='ltr'>appellan-</span> 
     </span>
     <span class='ocr_line' id='line_1_31' title="bbox 916 4316 2399 4440; baseline 0.008 -40"><span class='ocrx_word' id='word_1_232' title='bbox 916 4316 972 4401; x_wconf 93' lang='lat' dir='ltr'>do</span> <span class='ocrx_word' id='word_1_233' title='bbox 1001 4316 1420 4431; x_wconf 72' lang='lat' dir='ltr'>byperrrersteedenrerr</span> <span class='ocrx_word' id='word_1_234' title='bbox 1466 4354 1552 4433; x_wconf 91' lang='lat' dir='ltr'>cum</span> <span class='ocrx_word' id='word_1_235' title='bbox 1597 4320 1693 4411; x_wconf 89' lang='lat' dir='ltr'>serio</span> <span class='ocrx_word' id='word_1_236' title='bbox 1724 4329 1893 4437; x_wconf 85' lang='lat' dir='ltr'>potius,</span> <span class='ocrx_word' id='word_1_237' title='bbox 1924 4330 1964 4406; x_wconf 78' lang='lat' dir='ltr'>ac</span> <span class='ocrx_word' id='word_1_238' title='bbox 1995 4352 2195 4440; x_wconf 78' lang='lat' dir='ltr'>congrue,</span> <span class='ocrx_word' id='word_1_239' title='bbox 2226 4328 2310 4411; x_wconf 83' lang='lat' dir='ltr'>illas</span> <span class='ocrx_word' id='word_1_240' title='bbox 2392 4344 2399 4355; x_wconf 87' lang='lat'>&#39;</span> 
     </span>
     <span class='ocr_line' id='line_1_32' title="bbox 912 4436 2306 4559; baseline 0.01 -43"><span class='ocrx_word' id='word_1_241' title='bbox 912 4438 1119 4521; x_wconf 87' lang='lat' dir='ltr'>nominare</span> <span class='ocrx_word' id='word_1_242' title='bbox 1144 4436 1324 4549; x_wconf 80' lang='lat' dir='ltr'>potuiliet</span> <span class='ocrx_word' id='word_1_243' title='bbox 1352 4441 1728 4554; x_wconf 59' lang='lat' dir='ltr'>moumsceuenres.</span> <span class='ocrx_word' id='word_1_244' title='bbox 1788 4437 1854 4527; x_wconf 85' lang='lat' dir='ltr'>Est</span> <span class='ocrx_word' id='word_1_245' title='bbox 1878 4441 1981 4523; x_wconf 89' lang='lat' dir='ltr'>enim</span> <span class='ocrx_word' id='word_1_246' title='bbox 2011 4449 2050 4527; x_wconf 81' lang='lat' dir='ltr'>dt</span> <span class='ocrx_word' id='word_1_247' title='bbox 2072 4437 2151 4555; x_wconf 73' lang='lat' dir='ltr'>ipit</span> <span class='ocrx_word' id='word_1_248' title='bbox 2179 4438 2306 4559; x_wconf 83' lang='lat' dir='ltr'>Loga-</span> 
     </span>
     <span class='ocr_line' id='line_1_33' title="bbox 914 4548 2308 4669; baseline 0.011 -39"><span class='ocrx_word' id='word_1_249' title='bbox 914 4548 1330 4663; x_wconf 60' lang='lat' dir='ltr'>arithmeticorum</span> <span class='ocrx_word' id='word_1_250' title='bbox 1359 4558 1535 4669; x_wconf 77' lang='lat' dir='ltr'>profedio</span> <span class='ocrx_word' id='word_1_251' title='bbox 1566 4553 1916 4644; x_wconf 79' lang='lat' dir='ltr'>transcendentium·</span> <span class='ocrx_word' id='word_1_252' title='bbox 1942 4554 2200 4669; x_wconf 73' lang='lat' dir='ltr'>sempliciffima</span> <span class='ocrx_word' id='word_1_253' title='bbox 2208 4570 2227 4661; x_wconf 85' lang='lat'><em>)</em></span> <span class='ocrx_word' id='word_1_254' title='bbox 2257 4590 2308 4645; x_wconf 85' lang='lat' dir='ltr'>cx</span> 
     </span>
    </p>
   </div>
   <div class='ocr_carea' id='block_1_5' title="bbox 910 4659 2319 5157">
    <p class='ocr_par' dir='ltr' id='par_1_5' title="bbox 910 4659 2319 5027">
     <span class='ocr_line' id='line_1_34' title="bbox 914 4659 2312 4793; baseline 0.014 -53"><span class='ocrx_word' id='word_1_255' title='bbox 914 4659 994 4793; x_wconf 76' lang='lat' dir='ltr'>lloc</span> <span class='ocrx_word' id='word_1_256' title='bbox 1024 4692 1222 4755; x_wconf 82' lang='lat' dir='ltr'>curvarum</span> <span class='ocrx_word' id='word_1_257' title='bbox 1251 4700 1415 4787; x_wconf 77' lang='lat' dir='ltr'>generet</span> <span class='ocrx_word' id='word_1_258' title='bbox 1449 4672 1657 4789; x_wconf 90' lang='lat' dir='ltr'>omnesque</span> <span class='ocrx_word' id='word_1_259' title='bbox 1687 4677 1768 4759; x_wconf 80' lang='lat' dir='ltr'>alia</span> <span class='ocrx_word' id='word_1_260' title='bbox 1798 4674 2109 4783; x_wconf 80' lang='lat' dir='ltr'>exponentiales,</span> <span class='ocrx_word' id='word_1_261' title='bbox 2134 4704 2212 4791; x_wconf 91' lang='lat' dir='ltr'>ope</span> <span class='ocrx_word' id='word_1_262' title='bbox 2235 4678 2312 4761; x_wconf 78' lang='lat' dir='ltr'>hu-</span> 
     </span>
     <span class='ocr_line' id='line_1_35' title="bbox 913 4784 2306 4907; baseline 0.003 -34"><span class='ocrx_word' id='word_1_263' title='bbox 913 4798 1001 4887; x_wconf 64' lang='lat' dir='ltr'>jus,</span> <span class='ocrx_word' id='word_1_264' title='bbox 1032 4784 1226 4887; x_wconf 81' lang='lat' dir='ltr'>construi,</span> <span class='ocrx_word' id='word_1_265' title='bbox 1257 4796 1299 4872; x_wconf 78' lang='grc' dir='ltr'>δι</span> <span class='ocrx_word' id='word_1_266' title='bbox 1327 4818 1459 4881; x_wconf 90' lang='lat' dir='ltr'>earum</span> <span class='ocrx_word' id='word_1_267' title='bbox 1490 4816 1690 4907; x_wconf 81' lang='lat' dir='ltr'>tangentes</span> <span class='ocrx_word' id='word_1_268' title='bbox 1719 4790 1967 4875; x_wconf 83' lang='lat' dir='ltr'>determinari</span> <span class='ocrx_word' id='word_1_269' title='bbox 1990 4790 2164 4903; x_wconf 80' lang='lat' dir='ltr'>possunt,</span> <span class='ocrx_word' id='word_1_270' title='bbox 2197 4818 2240 4885; x_wconf 91' lang='lat' dir='ltr'>ut</span> <span class='ocrx_word' id='word_1_271' title='bbox 2256 4821 2306 4877; x_wconf 83' lang='lat' dir='ltr'>ex</span> 
     </span>
     <span class='ocr_line' id='line_1_36' title="bbox 910 4890 2319 5027; baseline 0.012 -49"><span class='ocrx_word' id='word_1_272' title='bbox 910 4894 993 4999; x_wconf 71' lang='lat' dir='ltr'>jam</span> <span class='ocrx_word' id='word_1_273' title='bbox 1021 4890 1194 4982; x_wconf 72' lang='lat' dir='ltr'>dicendis</span> <span class='ocrx_word' id='word_1_274' title='bbox 1222 4904 1384 5015; x_wconf 88' lang='lat' dir='ltr'>patebit.</span> <span class='ocrx_word' id='word_1_275' title='bbox 1445 4906 1545 5001; x_wconf 77' lang='lat' dir='ltr'>Tria</span> <span class='ocrx_word' id='word_1_276' title='bbox 1581 4907 1735 4997; x_wconf 71' lang='lat' dir='ltr'>Interim</span> <span class='ocrx_word' id='word_1_277' title='bbox 1771 4902 1885 5009; x_wconf 81' lang='lat' dir='ltr'>sunt,</span> <span class='ocrx_word' id='word_1_278' title='bbox 1925 4932 2009 5023; x_wconf 80' lang='lat' dir='ltr'>quat</span> <span class='ocrx_word' id='word_1_279' title='bbox 2037 4912 2202 4999; x_wconf 77' lang='lat' dir='ltr'>marine</span> <span class='ocrx_word' id='word_1_280' title='bbox 2231 4902 2319 5027; x_wconf 62' lang='lat' dir='ltr'>sus-3</span> 
     </span>
    </p>

    <p class='ocr_par' dir='ltr' id='par_1_6' title="bbox 1143 5069 2313 5157">
     <span class='ocr_line' id='line_1_37' title="bbox 1143 5069 2313 5157; baseline -0.003 -25"><span class='ocrx_word' id='word_1_281' title='bbox 1143 5086 1146 5091; x_wconf 95' lang='lat'>·</span> <span class='ocrx_word' id='word_1_282' title='bbox 2206 5069 2313 5157; x_wconf 78' lang='lat' dir='ltr'>pen-</span> 
     </span>
    </p>
   </div>
   <div class='ocr_carea' id='block_1_6' title="bbox 0 0 2754 6884">
    <p class='ocr_par' dir='ltr' id='par_1_7' title="bbox 0 0 2754 6884">
     <span class='ocr_line' id='line_1_38' title="bbox 0 0 2754 6884; baseline 0 8"><span class='ocrx_word' id='word_1_283' title='bbox 0 0 2754 6884; x_wconf 95' lang='lat' dir='ltr'> </span> 
     </span>
    </p>
   </div>
  </div>
 </body>
</html>
