5500 6884
771 705 1440 814 COMPARATIO.
1756 749 1840 833 247

442 870 542 956 intra
567 859 694 955 MN.
724 859 856 976 Quod
882 863 910 950 st
936 869 1021 982 quis
1050 860 1088 952 se
1126 868 1270 954 habere
1302 891 1414 979 putet
1444 867 1558 956 aliam
1586 868 1843 958 methodum

471 1015 531 1070 uae
554 983 661 1070 aliud
687 980 854 1085 doceat,
879 985 907 1036 a
933 1012 1002 1101 per
1034 1013 1152 1100 quam
1178 979 1320 1070 scilicet
1343 1013 1451 1071 arcus
1485 989 1612 1076 minor
1633 984 1742 1092 BC,
1776 991 1842 1076 vel

441 1017 558 1206 <(ΒΡ,
581 1101 658 1187 save
682 1124 791 1188 totus
802 1162 817 1202 ,
843 1099 921 1188 five
946 1131 1019 1216 pro
1038 1129 1169 1216 parte,
1188 1129 1295 1191 extra
1316 1107 1505 1213 majorem
1528 1107 1708 1200 caderets
1731 1099 1844 1209 sciat,

444 1251 493 1308 ex
520 1225 598 1305 hoc
623 1213 732 1322 solo,
756 1243 824 1306 aut
849 1213 1024 1306 absolute
1053 1249 1139 1306 eam
1169 1219 1242 1310 elle
1260 1221 1459 1326 fallacem,
1482 1249 1549 1308 aut
1579 1227 1778 1312 inventam
1807 1219 1845 1316 se

444 1339 589 1426 habere
618 1337 890 1454 quadraturam
914 1333 1185 1452 Hyperbolus,
1215 1341 1394 1426 hadenus
1416 1337 1547 1426 frustm
1577 1343 1781 1456 quassatam.

506 1453 639 1568 Quod
673 1450 869 1569 superest,
908 1485 957 1542 ex
1001 1450 1135 1541 iisdem
1171 1455 1463 1562 fundamentis,
1500 1459 1641 1572 quibus
1670 1462 1732 1544 hic
1760 1455 1845 1546 usus

410 1631 420 1662 .-
445 1567 548 1676 sum,
584 1576 712 1686 potest
730 1573 848 1658 etiarn
866 1567 966 1659 solvi
988 1563 1170 1688 sequens:
1194 1571 1311 1660 Duris
1330 1573 1484 1666 duobus,
1509 1575 1644 1673 rursus,
1660 1576 1845 1690 pluribus·
1914 1635 1920 1652 ι
1972 1659 1974 1666 ,

445 1724 494 1776 ve
521 1689 674 1776 arcubus
695 1688 915 1804 parabolicis
940 1689 1121 1798 drfcrctis,
1140 1695 1309 1804 affigurare
1338 1698 1451 1776 ulium
1482 1724 1606 1777 arcum
1638 1706 1845 1780 continuum

441 1808 609 1896 omnr'bus
645 1811 719 1892 illis
738 1808 855 1917 stmul
866 1807 1005 1918 ficmtis
1038 1813 1217 1921 aqualem.
1263 1805 1546 1906 ¹Memorabile
1573 1840 1733 1930 quoque
1767 1816 1846 1918 est,

445 1927 558 2043 quod
577 1927 753 2040 quamvis
783 1927 911 2010 omnis
933 1952 1040 2010 arcus
1065 1927 1308 2040 parabolicus
1329 1925 1643 2015 testificationem
1677 1925 1844 2028 recuset,

444 2043 558 2167 possit
583 2069 714 2129 tamen
736 2043 902 2128 inveniri
930 2069 1062 2142 arcus,
1098 2046 1168 2158 qui
1194 2043 1329 2129 datum
1363 2047 1481 2130 aliurn
1500 2073 1630 2131 arcum
1664 2049 1878 2150 excedat,-

445 2166 512 2250 vel
538 2163 587 2245 ab
608 2159 754 2248 eodem
786 2157 967 2259 deficiat,
987 2157 1161 2263 excelsu,
1191 2164 1258 2249 vel
1277 2159 1430 2248 defectu
1448 2161 1695 2252 rectificabiu.
1755 2163 1850 2254 Hu-

445 2277 615 2394 jufinodi
638 2278 714 2363 alia
741 2279 864 2365 multa
885 2276 1043 2362 omitto.
1068 2284 1091 2374 †

506 2395 609 2484 Haec
620 2401 699 2506 jam
711 2399 790 2504 jam
807 2391 1019 2479 dimissurus
1041 2393 1192 2511 accipio
1210 2387 1272 2482 D.
1289 2389 1336 2485 I..
1355 2391 1417 2484 H.
1449 2403 1495 2496 ††
1524 2394 1736 2486 Tamum
1749 2393 1844 2486 Me-

448 2519 634 2600 cbunicum
656 2509 714 2600 A.
746 2534 851 2618 1695
884 2511 1033 2620 Parrſsu
1055 2511 1300 2626 impressum,
1326 2544 1445 2628 quern
1476 2515 1649 2628 aperiens
1687 2516 1852 2613 fortuito

446 2633 567 2720 incidi
598 2633 639 2716 in
671 2627 983 2746 Proposrtionem
1009 2662 1113 2730 120,
1134 2632 1204 2716 ubi
1237 2629 1498 2718 demonstrare
1534 2635 1668 2718 nititur
1702 2633 1853 2718 Aurbor

446 2743 765 2836 Ilochronismtnn
787 2751 828 2832 in
855 2743 1054 2861 Cycloide
1077 2749 1127 2832 ab
1154 2744 1434 2836 HUGENIO
1472 2752 1599 2866 primo
1631 2753 1847 2838 inventum.

444 2865 665 2955 Posteriora
682 2891 832 2951 tantum
852 2865 967 2972 hujus
986 2864 1323 2952 demonstrationis
1342 2867 1517 2954 verbale
1545 2895 1635 2968 ens,
1656 2867 1739 2952 vidi
1759 2895 1849 2955 eum

446 2985 704 3088 concludere,
727 3007 879 3096 tempus
901 2976 1097 3066 descensus
1118 3011 1189 3094 per.
1208 2978 1448 3094 Cycloidem
1468 2894 1546 3068 ,5qu
1566 2983 1726 3096 duplum
1749 3007 1845 3076 tcm-

444 3106 554 3218 poris
587 3096 781 3186 descensus
803 3129 873 3214 per
897 3091 1148 3184 Diametrum
1178 3102 1403 3187 verticalem
1426 3101 1556 3186 circuli
1588 3104 1849 3214 generatoris:

443 3223 525 3306 hoc
550 3243 680 3304 autem
703 3248 791 3303 curn
814 3211 990 3302 absolute
1018 3211 1151 3301 salsum
1170 3211 1323 3310 scirem3
1346 3213 1460 3333 (ipso
1484 3219 1629 3333 quippe
1658 3215 1851 3310 Hucu-

444 3361 547 3425 Νῐο
574 3343 654 3446 jam
686 3335 994 3436 demonstrante,
1021 3358 1174 3448 tempus
1199 3365 1268 3446 per
1291 3331 1531 3449 Cycloidem
1545 3329 1620 3422 sese
1643 3338 1787 3423 habere
1800 3335 1852 3424 ad
1887 3419 1889 3426 .

446 3482 598 3567 tempus
620 3484 689 3569 per
710 3447 986 3552 Diametrum,
1020 3453 1246 3538 iuratione
1280 3449 1689 3540 semicircumserentiae
1722 3457 1854 3543 circuli

444 3573 499 3658 ad
524 3569 774 3658 Diametrum
784 3581 801 3671 )
823 3571 995 3664 animum
1017 3569 1162 3656 incellit
1191 3573 1416 3685 explorare,
1441 3570 1546 3658 unde
1564 3574 1692 3687 gravis
1713 3574 1854 3663 istest·

445 3718 513 3776 ror
542 3693 732 3806 originem
761 3688 927 3772 traxerit.
1317 3780 1321 3790 1

506 3805 626 3893 Hanc
661 3811 793 3921 itaque
826 3831 870 3890 ut
902 3803 1151 3918 detegerem,
1199 3803 1569 3892 demonstrationem
1602 3827 1856 3894 memoratam

441 3938 467 4029 [
507 3955 598 4012 uam
623 3926 740 4026 alias,
767 3922 879 4038 quod
897 3922 950 4008 de
980 3920 1263 4036 Proposrtionis
1282 3921 1445 4006 veritate
1468 3920 1534 4004 diu
1550 3943 1640 4007 ante
1662 3915 1856 4033 persuasus
1942 3912 1945 3924 ¹

496 4075 589 4146 em,
610 4037 736 4128 forsan
757 4069 956 4157 nunquam
969 4037 1184 4157 legissem]
1202 4043 1331 4152 legere
1352 4041 1481 4152 coepit
1505 4031 1571 4124 sed
1587 4041 1744 4127 ulterius
1763 4070 1856 4154 pro·

444 4163 556 4278 gredi
585 4189 669 4251 non
693 4186 775 4275 erat
803 4155 974 4259 necesse,
1004 4160 1115 4272 quod
1143 4154 1290 4272 inipso
1322 4157 1446 4240 statim
1475 4157 1607 4244 limine
1639 4157 1856 4272 deprehen·

444 4283 488 4366 di
511 4305 678 4396 anguem
705 4281 746 4364 in
767 4280 889 4366 herba
916 4303 999 4359 non
1031 4278 1240 4378 latentem,
1273 4269 1339 4360 sed
1361 4301 1573 4388 patentem.
1635 4273 1855 4392 Concludit

443 4401 550 4486 enim
568 4397 704 4513 politis
723 4398 1031 4513 quotcunque&
1060 4389 1349 4508 quibuscunque
1370 4395 1593 4508 analogiisu
1615 4429 1625 4475 ε
1646 4393 1750 4474 b..-·-.
1768 4395 1858 4480 cad

444 4513 862 4635 mrn=p=⁸q3r=
887 4537 1133 4616 sztcu,
1170 4512 1256 4606 sore
1284 4535 1531 4629 aggregatum
1566 4508 1741 4600 omnium
1772 4513 1851 4627 pri·

1768 4657 1849 4719 11111·
2001 4661 2003 4664 ’

489 4874 508 4909 “
529 4875 603 4940 ude
615 4870 695 4952 supra
707 4870 919 4938 unnuoult.
933 4873 990 4936 nrt
1001 4870 1050 4937 [ll.
1065 4889 1128 4950 put.
1212 4869 1244 4944 .†
1264 4866 1401 4932 Videatur
1422 4867 1494 4932 Nus.
1517 4865 1645 4944 sequena.
1846 4903 1852 4916 .

444 4971 522 5030 ω.
545 4961 573 5022 &
593 4954 664 5020 Nos.
688 4955 790 5016 XXX.
814 4973 877 5034 pag.
903 4973 969 5029 ¹5⁹·
987 4951 1127 5026 xxxiv.
1207 4951 1247 5027 ††
1263 4949 1317 5015 D}
1336 4969 1387 5014 sa
1403 4947 1521 5020 Htuu.
1545 4945 1847 5029 VideNum.ptaeued.

443 5057 483 5118 p.
501 5055 567 5118 ηις
593 5051 658 5112 172.
680 5033 806 5106 XXXV.
828 5053 893 5116 pag.
908 5051 976 5136 177,
