5500 6884
530 755 718 918 ¹aa*
769 817 1543 934 caelaturarum
1604 825 1786 940 ’περ

323 1017 449 1076 turn
470 995 662 1106 priorum
681 995 813 1082 reduci
837 1001 990 1110 potest:
1021 997 1072 1084 de
1088 1025 1164 1111 qua
1178 999 1436 1110 pendulorum
1459 994 1607 1110 specie,
1631 1025 1788 1090 eorum·

334 1137 443 1219 que
482 1139 632 1200 centro
667 1111 913 1205 oscillationis
941 1115 1199 1215 definiendo,
1231 1145 1348 1204 nemo
1379 1118 1558 1202 hedenus
1585 1119 1794 1230 cogitavit..

339 1221 580 1316 Nostram
601 1236 793 1347 regulam,
825 1263 912 1318 cum
934 1227 1016 1346 ipso
1038 1233 1293 1322 lundamento
1316 1263 1364 1318 ex
1384 1261 1466 1345 quo
1485 1259 1595 1318 eruta
1619 1238 1693 1334 ell,
1712 1231 1784 1321 dif-

336 1341 543 1432 ferimus
572 1353 612 1433 in
640 1377 790 1464 tempus
806 1353 1077 1452 commodius,
1092 1371 1190 1465 'quo
1213 1353 1297 1464 plus
1315 1353 1394 1436 otii
1416 1352 1531 1439 nobis
1549 1345 1682 1442 suerit}
1708 1351 1788 1433 hoc

340 1460 540 1550 interim
564 1465 751 1552 monuisse
774 1473 960 1554 convenit
983 1467 1327 1558 confiderationem
1351 1471 1506 1567 vedis,
1542 1481 1639 1581 [per
1666 1493 1784 1582 quam

335 1571 514 1666 Frater
555 1613 662 1672 meus
691 1586 731 1670 b.
761 1617 813 1672 m.
848 1586 1059 1699 aliquando
1088 1615 1169 1672 rem
1198 1585 1361 1676 eandem
1385 1581 1578 1688 cantavit,
1608 1584 1676 1669 etst
1701 1607 1786 1668 non

327 1696 535 1804 ¹prorsus
561 1704 788 1800 infeliciter]
819 1705 908 1787 huic
928 1697 985 1788 'rei
1008 1699 1125 1788 solam
1148 1732 1232 1788 non
1259 1701 1447 1804 sufficere,
1477 1699 1543 1788 scd
1565 1701 1675 1816 quod
1700 1701 1782 1813 pal·-

344 1819 547 1902 marium
568 1822 645 1917 est,
668 1822 938 1905 recurrendum
959 1819 1033 1908 esse
1049 1821 1099 1906 ad
1117 1819 1294 1906 effectum
1308 1849 1514 1933 corporum
1531 1814 1677 1904 diversa
1696 1842 1781 1941 gra·

343 1931 517 2017 vitatis
546 1932 670 2047 specie
699 1931 874 2022 deorsum
917 1938 1187 2038 tendentium,
1219 1965 1336 2052 atque
1357 1938 1415 2024 -ad
1439 1937 1653 2024 eorundem
1676 1932 1783 2018 inst
1852 1993 1856 2006 ,

346 2071 525 2134 mutuo
558 2055 755 2165 agentium
785 2055 1005 2142 efficaciam.

963 2273 1200 2376 XXIV.

435 2505 648 2603 Hadenus
677 2517 727 2604 ad
751 2517 979 2622 fluidorum,
1011 2523 1050 2604 in
1082 2520 1222 2634 quibus
1241 2545 1404 2632 corpora
1426 2538 1659 2616 moventur,
1679 2505 1779 2600 cefis-

359 2636 543 2718 tentiam
574 2665 653 2720 non
679 2637 938 2730 attendimuss
966 2668 1034 2750 per
1057 2638 1300 2724 resrstentiam
1323 2639 1388 2720 hic
1423 2636 1668 2746 intelligimus
1698 2635 1780 2715 vim

366 2773 684 2868 quamcunque,
728 2785 812 2868 qua
851 2759 976 2840 motui
1004 2759 1178 2868 corporis
1212 2758 1402 2840 contraria
1426 2755 1503 2852 est,
1542 2757 1583 2834 ac
1622 2771 1781 2862 propter
1904 2811 1910 2820 .

370 2891 500 2976 quam
523 2897 660 2980 corpus
688 2898 838 2956 motum
867 2868 1006 2970 suum,
1034 2872 1101 2956 nifi
1131 2869 1287 2954 aliunde
1310 2872 1498 2957 continuo
1527 2869 1778 2964 instauretur,

366 2984 565 3094 paularim
599 2990 777 3086 unierit,
808 2993 850 3072 dt
880 2987 1043 3072 tandem
1072 2985 1283 3100 aliquando
1306 2987 1358 3070 ad
1380 2989 1553 3098 quietem
1579 2982 1777 3096 redigitur»

373 3091 506 3186 Unde
536 3132 631 3188 vero
653 3101 872 3216 dependeat
891 3105 1094 3190 resistentia
1116 3105 1181 3186 illu
1208 3105 1248 3186 in
1277 3103 1425 3202 fluidis,
1446 3128 1614 3214 quamve
1630 3093 1779 3185 causam

373 3217 574 3329 physicam
605 3215 817 3336 agnoscat,
855 3222 965 3331 hujus
991 3221 1070 3305 loci
1093 3247 1175 3304 non
1205 3220 1258 3303 est
1284 3223 1411 3304 anxiei
1440 3219 1633 3331 inquirere
1656 3250 1669 3307 5
1699 3214 1779 3300 srve

367 3337 486 3418 enim
522 3341 653 3424 veniat
681 3367 704 3424 a
739 3337 907 3453 quadam
928 3341 1090 3452 partium
1112 3339 1319 3424 tenacitate
1338 3339 1376 3420 in
1400 3335 1550 3435 fluido,
1584 3334 1640 3417 ob
1661 3360 1779 3445 quarn

374 3453 572 3561 particulae
616 3457 720 3539 fluidi
749 3485 829 3540 non
858 3459 981 3538 statim
1021 3455 1072 3539 ad
1104 3449 1298 3566 appulsum
1318 3455 1536 3566 corporisa
1569 3443 1606 3536 se
1638 3474 1777 3534 mutuo

376 3561 621 3678 separantur3
665 3573 743 3657 five
780 3601 804 3656 a
837 3573 1003 3686 quadam
1044 3573 1242 3658 attritione
1270 3601 1320 3656 ex
1348 3566 1553 3666 scabritie,
1584 3598 1669 3680 quae
1695 3593 1777 3648 non

374 3706 532 3769 'tantum
563 3691 604 3772 in
651 3687 845 3803 superficie
881 3690 1088 3802 corporis,
1132 3683 1197 3770 sed
1225 3694 1264 3770 &
1303 3691 1343 3768 in
1379 3685 1572 3796 particulis
1609 3682 1777 3766 minimis
1873 3779 1879 3788 ‚

363 3803 545 3900 ‚fluidum
583 3807 910 3920 componentibus
960 3797 1085 3891 adesse
1124 3804 1289 3916 potesta
1328 3802 1408 3886 five
1441 3800 1599 3885 demum
1633 3799 1776 3886 oriatur

380 3917 448 4000 illa
486 3952 534 4005 ex
570 3919 651 4035 ipsa
685 3925 879 4010 fluiditatis
914 3921 1235 4036 impersedlione‚
1283 3947 1360 4033 qua
1401 3920 1580 4002 nimirum
1620 3911 1665 3999 fit
1692 3935 1774 4012 ut,

295 4076 298 4122 ;
363 4033 471 4116 c‘um
498 4041 662 4126 fluidum
700 4047 802 4130 altu.
827 4067 909 4125 non
942 4041 985 4126 srt
1021 4033 1185 4124 divisum
1221 4040 1261 4137 in
1302 4035 1529 4134 infinitum,
1566 4033 1646 4118 hoc
1685 4031 1774 4129 est,

381 4145 424 4230 in
466 4155 667 4260 particulas
696 4155 785 4238 data
813 4159 948 4267 quavis
985 4159 1187 4252 minores,
1227 4149 1292 4240 sed
1332 4158 1541 4239 conflatum
1572 4179 1621 4235 ex
1650 4145 1775 4232 mole-

382 4267 477 4350 culis
510 4259 640 4354 solidis
674 4270 934 4354 determinata
970 4269 1274 4382 magnitudinis,
1314 4267 1385 4368 fit,
1414 4272 1604 4382 inquam,
1649 4289 1692 4362 ut
1735 4263 1775 4346 in

294 4433 298 4480 ;
384 4384 449 4467 tali
487 4381 607 4488 fluido
645 4415 783 4499 corpus
824 4410 1001 4484 motum,
1031 4383 1184 4498 singulis
1215 4389 1459 4484 momentis,
1498 4408 1641 4482 certam
1668 4373 1776 4462 fluidi

293 4550 306 4608 ;1
384 4501 638 4614 quantitatem
673 4531 762 4588 ante
793 4496 830 4587 se
857 4503 1002 4615 pellere,
1030 4507 1069 4586 δι
1100 4501 1251 4586 amoliri
1283 4501 1453 4598 debeat,
1473 4499 1583 4613 quod
1606 4500 1699 4582 citra
1721 4487 1775 4583 sui

295 4673 296 4719 ;
389 4643 517 4700 motus
541 4620 850 4706 imminutionem
872 4621 1093 4704 continuam
1113 4647 1293 4732 peragere
1323 4647 1403 4704 non
1419 4619 1574 4728 potest,
1593 4613 1660 4700 etfi
1684 4612 1776 4702 alias

389 4735 487 4818 nulla
510 4731 601 4824 effer
619 4741 822 4836 tenacitas,
853 4738 1036 4850 nullaque
1060 4731 1250 4822 scabrities
1270 4739 1308 4820 in
1327 4735 1504 4847 partibus
1523 4733 1649 4831 fluidi:
1672 4757 1776 4844 quae·

296 4944 299 4956 ³
391 4877 537 4962 cunque
568 4885 662 4968 ergo
683 4885 774 4940 vera
801 4855 844 4938 srt
871 4849 980 4939 causa
1009 4853 1218 4940 resrllentiae
1245 4853 1480 4952 fluidorum,
1503 4851 1580 4938 five
1592 4878 1673 4935 una
1697 4839 1776 4934 sola

297 5029 299 5036 =
390 4967 584 5072 extribus
619 4973 761 5074 diuis,
791 4971 901 5072 srve,
934 4973 1042 5084 quod
1080 4971 1352 5072 verofimilius‚
1378 4997 1514 5054 omnes
1546 4968 1651 5054 fimul
1679 4988 1773 5045 con·

440 5093 544 5200 sm·
565 5099 750 5186 Beraoulli
769 5096 890 5214 Opera
913 5106 1033 5183 omnia
1063 5093 1189 5185 Tum.
1203 5093 1234 5183 l.
1401 5091 1448 5182 X
1468 5125 1496 5183 x
1516 5123 1544 5179 x
1690 5111 1775 5172 cur·
