5500 6884
600 834 705 926 DE
757 830 978 929 MOTU
1028 832 1562 947 MUSCULORUM..
1688 875 1763 942 ttr

374 1026 462 1091 rum
484 1002 744 1097 efficiendamr
770 1010 946 1119 potentia
970 1008 1147 1121 quippe,
1175 1035 1252 1121 qua
1275 1000 1447 1096 Mufculi
1468 1012 1573 1096 vasta
1593 1010 1767 1124 pondera

371 1125 553 1223 elevant,
578 1122 695 1237 longe
717 1127 840 1233 major
856 1124 910 1209 est
933 1152 1050 1237 quam
1072 1126 1237 1237 gravitas
1258 1124 1499 1237 ponderum,
1523 1153 1661 1241 utpote
1708 1155 1765 1212 uae

368 1240 502 1325 multo
520 1242 729 1327 remotiora
749 1236 834 1325 sunt
854 1241 904 1324 ab
922 1242 1203 1355 hypomochlio
1225 1268 1341 1355 quam
1359 1236 1628 1329 Masculorum
1646 1156 1763 1331 inier-

369 1358 448 1442 tio.
494 1351 589 1443 Hac
612 1357 743 1471 itaque
766 1359 896 1457 inte,
918 1383 1051 1443 natura
1073 1386 1154 1443 non
1176 1361 1293 1441 utitur
1320 1361 1596 1460 inlhttmentis,
1622 1356 1764 1446 scilicet

367 1470 577 1556 ollibusad
590 1473 807 1587 ponderum
829 1474 1068 1561 elevationes
1086 1474 1274 1563 faciliores
1291 1474 1528 1569 reddendave
1553 1472 1632 1561 oisa
1656 1478 1762 1577 enirn

365 1590 480 1673 vices
503 1582 666 1675 subeunt
687 1592 806 1677 venis
835 1588 1002 1691 inverfi,
1032 1592 1072 1673 in
1095 1620 1176 1705 quo
1199 1620 1338 1703 nempe
1360 1590 1535 1705 pondera
1557 1587 1763 1705 superanda

365 1706 422 1789 ab
442 1707 732 1807 attitulatione,
752 1730 934 1906 empnam
948 1732 972 1791 a
986 1704 1132 1809 fulcro,
1149 1701 1212 1794 seu
1232 1708 1536 1819 hypomochlio,
1551 1712 1760 1815 majorem,

364 1824 430 1903 vis
454 1834 585 1907 autern
604 1850 791 1921 movens,
834 1850 882 1907 eu
904 1816 1127 1925 Masculus,
1147 1827 1336 1909 minorem
1354 1825 1507 1911 obtinet
1530 1824 1758 1911 distantiam.

360 1932 486 2021 Hinc
505 1935 532 2021 fi
551 1938 726 2050 pondera
746 1932 936 2026 Mtdculis
951 1940 1056 2025 nulla
1078 1944 1241 2026 omnino
1262 1970 1304 2025 re
1320 1943 1515 2049 interjedta
1535 1940 1685 2054 pollent
1704 1944 1759 2027 al·
1908 1922 1936 2016 ².

362 2054 505 2167 ligari,
524 2050 726 2167 plusquam
753 2058 922 2156 centies,
948 2056 1030 2141 imo
1052 2056 1244 2143 interdtun
1266 2060 1432 2158 millies,
1457 2061 1603 2168 majora
1627 2060 1758 2148 eleva·

362 2196 501 2257 rentur
522 2168 724 2283 pondera,
749 2199 866 2287 quam
888 2172 1011 2259 modo
1030 2172 1240 2259 ordinatio.
1342 2242 1343 2245 r

425 2282 531 2371 Haec
544 2286 571 2373 fi
584 2287 686 2373 bene
699 2287 1007 2400 perpendamus,
1026 2292 1119 2375 citra
1133 2316 1291 2375 omnem
1313 2288 1587 2376 haesrmtionem
1612 2296 1758 2379 corive·

364 2405 541 2503 niemus,
553 2406 752 2487 minimam
767 2406 1003 2490 inflationem
1025 2400 1293 2492 Musculotum
1312 2406 1445 2491 datam
1463 2411 1638 2521 quamvis
1656 2404 1756 2493 rests-

364 2522 532 2607 rentiam
558 2514 752 2633 superare,
773 2526 814 2607 δι
835 2521 1000 2634 proinde
1023 2526 1270 2608 tenerrimum
1284 2520 1466 2607 infantem
1480 2548 1755 2637 quantamcun-
1809 2582 1812 2589 ·

363 2666 446 2750 que
460 2638 606 2723 molem
618 2638 771 2724 elevate
787 2632 913 2749 posset
928 2632 993 2723 sed
1012 2664 1160 2753 quanto
1176 2636 1380 2725 tefistentia
1393 2642 1518 2747 major
1537 2642 1592 2725 est
1604 2640 1646 2721 vi
1668 2670 1755 2725 mo-

365 2757 450 2839 tiva
462 2754 705 2855 elasticitatis,
722 2776 832 2839 tanto
848 2756 1016 2841 elevatio
1030 2758 1153 2841 minus
1167 2750 1346 2841 sensibilis
1365 2756 1507 2848 eradio
1530 2759 1582 2839 ita
1597 2783 1637 2840 ut
1652 2760 1756 2842 vasta

362 2868 555 2983 pondera,
567 2870 707 2983 quibus
725 2870 934 2971 elevandis,
949 2873 1012 2957 vel
1027 2873 1277 2973 amovendis,
1299 2874 1399 2961 vires
1412 2876 1554 2966 nostras
1566 2872 1755 2983 impendi·

361 3014 475 3085 mus,
491 2990 653 3073 omnino
667 2983 859 3100 quiescere
871 2986 1094 3079 videantur,
1120 3018 1204 3102 quae
1218 3015 1346 3074 tamen
1369 3016 1503 3076 revera
1524 3017 1547 3071 e
1565 2984 1633 3073 suo
1659 2989 1755 3073 loco

361 3127 585 3187 moventur.
617 3100 719 3189 Haec
732 3132 819 3187 cum
830 3106 884 3185 ita
893 3102 976 3202 fint,
992 3104 1196 3193 admiratio
1210 3102 1320 3189 facile
1332 3100 1499 3201 cellabit,
1514 3130 1630 3215 quam
1643 3100 1754 3187 affer·

359 3251 406 3305 re
420 3222 548 3331 potest
562 3222 865 3331 experimentum
884 3218 994 3321 illud,
1009 3219 1118 3333 quod
1131 3221 1225 3309 telle
1248 3214 1754 3310 WAL11810**Oxoniae

264 3336 265 3347 ‘
358 3344 404 3421 dt
418 3336 579 3441 Loadim'
592 3339 801 3421 institutum
813 3334 948 3435 fixerat,
963 3336 1189 3423 cuminflata
1201 3334 1324 3421 vestra
1335 3336 1495 3434 bubula,
1509 3337 1616 3444 cujus
1627 3334 1752 3420 admi·
1891 3360 1895 3365 ·

358 3454 498 3538 niculo
511 3459 618 3537 flatus
634 3447 781 3563 spiritus
797 3452 974 3551 numani,
997 3480 1066 3567 pet
1083 3454 1276 3567 angustam
1293 3451 1453 3540 fistulam
1476 3451 1751 3566 ingredientis,

357 3573 518 3656 elevate
530 3570 753 3656 notabiliter
765 3594 918 3681 poterat
930 3568 1082 3680 pondus
1100 3600 1173 3673 50,
1190 3588 1268 3668 60,
1286 3600 1338 3677 70
1363 3592 1430 3653 aut
1446 3571 1565 3653 etiam
1588 3572 1753 3679 plurium
1829 3635 1831 3638 -
1883 3562 1887 3569 ¹
1935 3574 1945 3680 ᾖ

264 3732 265 3749 r
358 3690 560 3785 librarum,
575 3714 646 3799 pro
658 3684 804 3769 ritihus
818 3682 1046 3797 pulmonum
1060 3686 1195 3777 flantisr
1210 3683 1312 3770 adde
1326 3690 1366 3767 dt
1378 3712 1452 3796 pro
1469 3684 1751 3797 angustiafistu-

356 3808 420 3889 lae.
451 3797 767 3914 Experitnentum
779 3802 870 3901 hoc,
885 3828 966 3884 non
983 3794 1105 3885 solum
1122 3798 1267 3886 facilius
1280 3830 1328 3885 ex
1342 3795 1449 3912 supra
1462 3800 1571 3883 dieis
1583 3800 1748 3911 explica·

356 3923 405 4020 ti,
418 3915 489 4007 sed
501 3922 615 4019 etiam
628 3920 747 4032 longe
759 3918 923 4003 exaflius
938 3946 1006 4028 per
1019 3917 1203 4031 principia
1216 3918 1363 4016 nostra,
1378 3944 1464 4030 qua
1476 3920 1517 3999 dt
1530 3940 1661 3999 veram
1679 3944 1750 4003 ve·

356 4038 441 4123 ficae
456 4034 629 4149 figuram,
643 4041 684 4119 δι
698 4037 795 4119 airis
808 4036 1077 4134 elateriumut
1092 4058 1249 4133 vocant,
1262 4034 1374 4147 quod
1386 4031 1453 4145 ipfr
1464 4030 1660 4143 proprium
1670 4034 1727 4117 eii
1733 4094 1748 4135 ,
1881 4102 1885 4109 .

350 4175 535 4269 ponunt,
556 4150 609 4237 ad
630 4153 814 4235 calculum
828 4155 952 4263 potest
968 4152 1154 4251 revocari,
1171 4146 1387 4264 quemfecit
1400 4146 1681 4241 answss
1706 4172 1750 4238 ut
1919 4182 1930 4191 ·

352 4296 456 4385 pote
471 4270 552 4381 qui,
568 4269 870 4367 commodioris,
889 4262 953 4354 sed
968 4270 1092 4353 ntinus
1105 4269 1225 4354 exadii
1239 4266 1373 4351 calculi
1385 4267 1527 4378 gratia,
1542 4268 1748 4377 genuinam

352 4387 518 4501 figuram
532 4378 815 4497 sphaetoidalem
825 4382 955 4469 veficae
966 4386 1099 4469 inllatae
1112 4384 1270 4483 ademit,
1285 4386 1323 4466 in
1338 4378 1494 4495 ejusque
1505 4374 1745 4467 locumfubs-

352 4504 466 4589 tituit
482 4498 688 4585 rhombum
697 4496 873 4591 solidum
885 4502 999 4613 plane
1013 4526 1054 4585 ut
1066 4498 1158 4585 fecit
1170 4498 1402 4591 BORELLus
1416 4527 1503 4583 cum
1515 4492 1587 4582 suis
1600 4494 1743 4579 machi·

350 4621 482 4709 ntulist
506 4640 639 4729 praeter
656 4618 746 4716 hoc,
761 4618 877 4701 eriam
891 4610 1011 4729 ipsum
1029 4618 1125 4703 a‘e‘ris
1145 4618 1342 4705 elaterium
1359 4642 1440 4702 non
1459 4610 1743 4715 considemvit,

350 4734 472 4849 quod
487 4758 614 4817 tamen
624 4737 739 4820 unice
755 4736 901 4845 praestat
921 4734 1154 4831 dilatationis
1174 4732 1363 4819 officium:
1381 4732 1470 4814 hinc
1489 4726 1572 4812 fieri
1584 4730 1745 4842 nequit,

351 4854 455 4965 quin
471 4850 635 4935 calculus
651 4848 924 4961 Wallifitnusa
942 4880 1039 4941 veto
1058 4850 1222 4939 multum
1243 4848 1426 4951 abludat,
1450 4838 1622 4968 ideoque
1641 4874 1746 4941 error

348 4966 446 5057 satis
464 4962 531 5049 liat
549 4966 753 5057 notabilis.
866 5048 868 5053 ,

446 5132 617 5207 'Metina-
637 5141 702 5219 Cap.
720 5134 785 5206 XV·
806 5138 887 5223 l'top.
908 5154 935 5221 ς.
