5500 6884
998 873 1076 955 ror
1135 854 1216 949 Nu
1246 846 1404 945 xvru.
1435 850 1674 943 orrrnur.
1706 796 2329 951 amuco-Auamma

991 1030 1126 1119 nititur
1154 1044 1354 1114 curvarum
1383 1052 1479 1143 quas
1509 1027 1669 1129 velariar
1699 1033 1739 1112 dt
1772 1031 1978 1115 catenarias
1995 1028 2203 1144 apellamus
2221 1030 2381 1147 indago.
2515 1064 2517 1077 ’

807 1136 832 1169 “
992 1146 1035 1237 Si
1063 1151 1150 1263 quis
1181 1146 1325 1234 etenim
1354 1148 1437 1255 eJus
1466 1146 1625 1260 vestigia
1654 1140 1853 1261 sequamur,
1882 1152 1923 1231 δι
1951 1150 1993 1231 in
2022 1147 2172 1233 calculo
2201 1146 2381 1236 differen-
2515 1184 2517 1235 r

994 1268 1142 1352 tialium
1160 1271 1201 1350 δι
1216 1262 1456 1377 integralium
1487 1260 1532 1345 stt
1561 1262 1808 1363 mediocriter
1835 1258 2023 1365 versante,
2054 1262 2165 1350 facilc
2181 1268 2381 1369 omniurn,

1023 1412 1079 1469 uae
1100 1380 1228 1495 parlim
1248 1384 1288 1465 in
1317 1376 1428 1463 Auis
1457 1380 1685 1490 Lipfieastba's
1714 1387 1755 1466 δι
1783 1378 1917 1465 Dinia
1944 1380 2151 1494 Falsast,
2183 1409 2229 1465 ac
2246 1379 2381 1469 fortas·
2516 1402 2517 1447 ῑ

991 1413 1031 1597 Ζ
1061 1501 1153 1595 alibi
1183 1494 1291 1610 super
1322 1498 1394 1580 hac
1422 1499 1580 1582 materia
1608 1499 1922 1610 publicavimus,
1962 1504 2003 1585 tr
2040 1525 2066 1584 a
2094 1493 2241 1584 Celeb.
2271 1496 2382 1591 viris
2514 1554 2517 1609 p

992 1614 1302 1706 Lnruurrto
1335 1620 1374 1698 δι
1404 1610 1685 1710 Hucuuto
1714 1614 1907 1727 publicata
1936 1609 2046 1716 sunt,
2075 1614 2380 1731 penetrabitde-
2515 1676 2517 1721 :

991 1734 1330 1835 monstrationem,
1361 1752 1568 1847 totumque
1597 1730 1756 1845 deteget
1777 1729 2021 1845 mysterium,
2069 1732 2152 1817 uod
2173 1734 2272 1818 inter
2293 1736 2381 1847 plu·

989 1880 1075 1951 res,
1105 1876 1206 1969 quos
1235 1850 1332 1936 novi
1360 1850 1477 1959 etiam
1504 1839 1853 1962 perspicacisiimos,
1884 1849 2030 1935 latebat
2113 1850 2378 1951 athematicos,

991 1970 1112 2084 inque
1140 1962 1194 2051 sui
1225 1963 1519 2051 admirationem
1547 1964 1749 2077 rapiebatt
1798 1962 1878 2052 Sed
1905 1962 2177 2079 prosequamur
2205 1966 2378 2080 propoli·

990 2107 1088 2173 tum.
1151 2078 1335 2171 Vidimus
1365 2079 1489 2165 modo
1518 2080 1648 2183 filum,
1679 2080 1791 2194 quod
1819 2084 1860 2166 in
1899 2082 2081 2169 omnibus
2117 2076 2192 2168 suis
2230 2086 2379 2196 punitis
2515 2120 2517 2135 ·

991 2198 1163 2286 tenditur
1192 2196 1243 2283 ad
1267 2198 1584 2311 perpendiculum
1605 2227 1630 2283 a
1650 2200 1796 2283 vitibus
1810 2199 2042 2315 aequalibus,
2073 2203 2220 2285 curvari
2243 2202 2284 2287 in
2305 2204 2378 2287 cir·
2515 2286 2517 2325 1

991 2320 1142 2409 αιΙυηις
1175 2314 1280 2403 unde
1309 2313 1575 2401 concludimus
1602 2314 1813 2417 resinulas,
1841 2316 1907 2402 vel
1936 2316 2169 2402 machinulas
2197 2317 2378 2405 fibrarum

876 2470 880 2477 ’
989 2429 1253 2521 muscularium
1265 2492 1280 2533 ,
1311 2458 1474 2546 quarum
1503 2431 1622 2518 latera
1650 2434 1784 2546 utique
1811 2435 2030 2547 aqualiter,
2060 2439 2102 2519 δι
2130 2436 2179 2525 in,
2195 2434 2378 2521 omnibu

986 2546 1062 2637 stris
1091 2552 1238 2663 punctis
1265 2546 1628 2661 perpendiculariter
1656 2572 1878 2662 premuntur
1905 2550 1957 2633 ab
1985 2576 2076 2635 aura
2099 2551 2271 2651 elastica,
2292 2578 2376 2637 non
2514 2634 2517 2653 ς

987 2664 1065 2759 else
1096 2666 1414 2767 rhomboidales‚
1443 2661 1512 2753 sed
1540 2668 1758 2757 circuatur
1790 2667 1845 2749 ita
1874 2665 1902 2749 sr
1921 2661 2121 2754 Musculus
2144 2668 2287 2753 nullam
2306 2694 2376 2781 ap·
2511 2667 2517 2807 j

986 2778 1143 2898 pensam
1171 2782 1414 2872 resistentiam
1441 2777 1689 2896 superandam
1717 2782 1909 2883 haberet,
1953 2784 2176 2871 machinula
2214 2787 2256 2870 in
2287 2814 2374 2899 per·
2510 2877 2513 2890 ⁴

865 2922 869 2931 ·
982 2900 1108 2987 fedior
1139 2907 1180 2987 δι
1209 2901 1381 3015 integros
1410 2900 1573 2985 circulos
1600 2902 1831 3015 perexiguos
1849 2899 2175 3013 expanderenttu:
2199 2895 2266 2989 sed
2283 2904 2375 3017 quia
2512 2914 2517 2927 '

980 3008 1187 3105 Musculus
1215 3012 1363 3128 semper
1390 3015 1592 3129 pondera,
1623 3022 1665 3102 δι
1692 3016 1938 3115 reststeutias,
1978 3015 2007 3101 li
2046 3044 2131 3103 non
2167 3014 2374 3107 forinsecus

976 3133 1260 3243 advenientes,
1290 3128 1423 3219 saltem
1452 3127 1506 3218 sui
1535 3132 1648 3247 ipsius
1676 3138 1717 3220 δι
1745 3133 1881 3219 ollium
1908 3126 2138 3221 submovete
2163 3134 2312 3229 debera
2329 3134 2374 3221 iit
2511 3144 2517 3168 *

979 3275 1026 3370 ut
1043 3252 1265 3349 machinula
1294 3278 1376 3335 non
1407 3251 1594 3365 integram
1623 3246 1876 3366 adipiscantur
1889 3248 2047 3365 figuram
2060 3253 2293 3343 circularemr
2310 3280 2371 3337 re·

980 3362 1144 3453 sistentia
1172 3369 1277 3453 enim
1307 3364 1473 3479 impedit
1502 3396 1583 3481 quo
1614 3370 1740 3451 minus
1768 3370 1809 3453 in
1838 3368 2082 3481 longitudine
2109 3362 2148 3455 se
2169 3363 2254 3453 satis
2273 3396 2371 3455 con·

979 3481 1131 3569 trahere
1160 3480 1331 3593 possint:
1363 3508 1446 3564 non
1473 3475 1579 3567 secur
1611 3508 1655 3565 ac
1684 3478 1768 3569 fieri
1797 3478 1896 3569 solet
1925 3514 2014 3570 cum
2043 3481 2120 3571 istis
2155 3486 2370 3601 ampullis,

976 3624 1077 3712 quas
1106 3596 1271 3683 infantes
1300 3624 1350 3681 ex
1379 3596 1507 3683 lotura
1533 3590 1684 3712 saponis
1713 3598 1944 3694 conficiuntr
1968 3602 2157 3704 haenim‚
2172 3602 2228 3689 ob
2242 3630 2369 3717 aequa·
2515 3664 2517 3669 -

977 3714 1100 3803 bilem
1128 3715 1224 3799 aeris
1254 3710 1407 3825 expansu
1434 3716 1516 3797 vim
1546 3716 1695 3831 (quam
1725 3718 1915 3802 elasticam
1935 3718 2137 3829 vocant‚)
2159 3720 2200 3805 in
2220 3718 2370 3833 perfec.
2508 3726 2517 3821 l

976 3830 1057 3917 tarn
1087 3826 1266 3947 sphaeram
1293 3825 1576 3925 intumescuntr
1607 3827 1791 3920 sedtum
1819 3833 2013 3922 interdum
2041 3837 2191 3950 guttula
2219 3838 2260 3921 in
2281 3836 2367 3923 firn-
2512 3824 2517 3883 '³

975 3944 1033 4037 do
1062 3950 1238 4065 ampulla
1265 3945 1449 4049 adheret,
1479 3973 1572 4035 tunc
1611 3951 1668 4037 ob
1704 3953 1932 4067 gravitatm
1970 3954 2161 4069 guttulae,
2197 3954 2367 4067 ampulla

976 4068 1168 4153 tantillum
1196 4068 1401 4180 elongatur
1430 4072 1471 4151 δι
1499 4096 1551 4153 ex
1578 4066 1731 4180 Sphata
1758 4093 1927 4155 mutatur
1955 4072 1996 4157 in
2024 4068 2287 4183 Sphoetoidem
2314 4098 2367 4157 ex

974 4184 1323 4271 circumvolutione
1351 4177 1537 4299 segmenti
1568 4186 1758 4272 circularis
1784 4184 1945 4273 saliam:
1975 4190 2116 4305 pariter
2135 4190 2267 4301 itaque
2281 4216 2365 4273 ma·
2509 4226 2517 4299 .2

973 4296 1137 4409 chinulae
1170 4294 1396 4386 musculares
1421 4360 1435 4401 ,
1465 4328 1560 4417 quas
1588 4326 1634 4387 ut
1661 4304 1792 4416 planas
1820 4304 2133 4405 confiteamur,
2163 4304 2365 4391 habebunt

974 4414 1132 4533 figuram
1165 4446 1214 4503 ex
1243 4416 1397 4502 duobus
1424 4411 1628 4533 segmentis
1657 4422 1866 4533 aequalibus
1895 4418 2066 4534 ejusdem
2094 4423 2224 4509 circuli
2253 4450 2363 4509 cont·

2055 4716 2070 4759 3
2341 4706 2358 4725 ⁰
2515 4752 2517 4767 ,

809 4776 923 4856 Fiat·
975 4766 1044 4851 bra
1073 4771 1214 4853 motrix
1244 4766 1364 4877 (Vid.
1395 4767 1477 4881 Pp.
1508 4770 1980 4885 sss.)quarumaliquae‚
2006 4768 2357 4887 suuulsumptase·
2507 4786 2517 4841 -ῐ

839 4978 847 4995 ·
975 4882 1143 4968 cundum
1164 4884 1447 4997 longitudinem
1459 4892 1499 4971 tr
1522 4890 1705 5001 parallelo
1720 4887 1790 4974 ficu
1803 4892 1911 4997 juxta
1932 4882 1969 4972 se
1991 4913 2201 4999 coaptata,
2218 4892 2356 4976 consti·

808 4978 875 5059 ’Ψ
891 4996 922 5055 *
973 5024 1087 5096 tuuut
1114 4994 1329 5087 fascicttlum
1347 4996 1621 5113 muscularem,
1652 5034 1726 5097 ceu
1754 5004 1921 5099 ostendit
1943 5004 2026 5121 sig.
2047 5006 2075 5095 1
2080 5006 2132 5100 V.
2156 5006 2227 5095 ubi
2239 5009 2357 5093 etiam

2246 5132 2356 5229 cons·
2511 5100 2517 5193 l
