5500 6884
997 753 1086 925 '29a'
1233 723 2171 903 merrtotssnnmnto

998 1008 1048 1066 ex
1076 973 1310 1090 proprietate
1337 975 1521 1060 continue
1557 971 1904 1085 proportionalium
1947 981 2052 1075 1875
2089 965 2140 1078 ad
2174 963 2298 1051 modo
2331 995 2389 1052 re·

997 1117 1150 1208 petrum
1181 1122 1313 1198 1270,
1341 1114 1384 1174 ut
1405 1106 1516 1199 4800
1546 1090 1597 1172 ad
1619 1087 1929 1174 trecentestmum'
1951 1078 2218 1195 sexagessmum
2247 1078 2389 1170 sextum

912 1263 916 1272 ·
995 1208 1331 1327 proportionalem
1356 1207 1407 1290 ad
1425 1222 1537 1317 4800
1562 1216 1602 1292 δι
1627 1213 1809 1313 4794}},
1834 1205 1900 1314 qui
1929 1199 2025 1286 sassa
2052 1200 2278 1310 operatione
2308 1197 2390 1286 Re·

997 1329 1096 1442 gulae
1118 1354 1240 1410 aureae
1265 1325 1458 1406 invenitur
1484 1335 1640 1432 325152,
1659 1349 1732 1432 pro
1755 1346 1916 1404 numero
1939 1315 2118 1430 quaesto:
2144 1309 2255 1397 Dico
2279 1319 2390 1428 igitur

999 1441 1111 1555 quod
1137 1443 1223 1552 post
1249 1467 1387 1524 omnes
1412 1441 1494 1536 illas
1521 1439 1630 1524 mixti
1657 1435 1912 1520 detractiones
1938 1441 1976 1518 &
2009 1435 2090 1516 vini
2122 1436 2207 1545 puri
2234 1431 2389 1516 infitsto·

1000 1587 1069 1644 nes
1095 1557 1246 1670 singulis
1267 1555 1405 1640 diebus
1434 1554 1570 1655 saum,
1603 1551 1761 1636 tandem
1793 1547 1920 1662 elapso
1947 1577 2049 1634 anno
2078 1547 2147 1634 stnt
2172 1543 2390 1632 remansura
2519 1625 2520 1628 a

1000 1675 1042 1758 in
1068 1667 1155 1756 vase
1181 1702 1287 1782 3251
1311 1666 1551 1779 {semunciae
1579 1697 1714 1782 aquae,
1744 1666 1922 1782 adeoque
1954 1667 2309 1780 (complementum
2339 1662 2388 1752 ad

1001 1803 1129 1897 4800,
1139 1798 1158 1893 l
1178 1788 1316 1889 idest,
1337 1795 1469 1898 15483
1485 1782 1682 1874 semuncia
1705 1785 1800 1868 vini.

1606 2009 1800 2106 XVIII.
1866 2006 1872 2017 “

920 2221 944 2332 ,⁴
1058 2251 1182 2344 Hisce
1205 2254 1260 2342 ita
1281 2252 1546 2368 computatis,
1573 2247 1780 2368 applicatio
1805 2247 1856 2336 ad
1878 2241 2034 2364 praesens
2058 2247 2259 2366 negotium
2278 2243 2386 2342 facile
2523 2252 2524 2290 ¹

999 2371 1243 2488 perspicitur:
1287 2399 1509 2486 aquaputa
1548 2401 1624 2474 150
1660 2370 1840 2452 librarum
1866 2391 2049 2452 contenta
2077 2371 2118 2452 in
2143 2365 2230 2452 vase
2255 2401 2387 2484 reprae-
2524 2444 2525 2480 ,

998 2487 1120 2574 sentat
1144 2490 1373 2586 materiam,
1404 2513 1483 2600 qua
1508 2515 1646 2604 corpus
1677 2482 1853 2584 totidem¹
1870 2485 2050 2568 librarum
2079 2485 2195 2568 nostri
2223 2485 2388 2572 hominis

999 2603 1078 2689 hoc
1097 2628 1300 2689 momento
1326 2606 1604 2715 componitur,
1629 2611 1697 2709 55}
1721 2597 1917 2684 semunciae
1937 2601 2018 2682 vini
2041 2601 2125 2714 puri
2139 2599 2318 2712 quotidie
2331 2606 2388 2687 in·
2525 2651 2526 2654 κ

997 2720 1070 2804 sust
1091 2719 1259 2806 referunt
1291 2745 1435 2803 novam
1470 2719 1694 2812 materiam,
1728 2743 1844 2830 quam
1869 2715 2019 2830 stngulis
2051 2713 2190 2802 diebus
2220 2721 2261 2802 in
2288 2713 2387 2804 subs·

998 2839 1160 2919 tantiam
1175 2829 1230 2918 sui
1256 2836 1428 2948 corporis
1446 2835 1640 2919 convertit
1661 2838 1701 2915 δι
1725 2859 1810 2946 quat
1839 2857 1927 2916 cum
1953 2833 2076 2917 veteri
2099 2830 2385 2922 commiscetur:
2526 2830 2527 2842 '

996 2935 1146 3064 reliqua
1170 2979 1240 3062 per
1267 2945 1305 3037 se
1330 2946 1415 3034 sunt
1439 2955 1550 3036 clara.
1566 3044 1588 3056 ‚.
1611 2944 1716 3060 Ergo
1741 2949 1831 3032 hinc
1862 2949 2033 3062 colligo,
2069 2948 2181 3060 quod
2206 2950 2233 3034 st
2258 2953 2385 3065 quoti·

869 3097 874 3108 ·
907 3134 913 3149 ,
997 3064 1157 3150 dianum
1175 3061 1438 3178 dispenditun,
1454 3062 1518 3154 seu
1540 3063 1726 3178 dilstpatio
1752 3090 1831 3148 tam
1849 3091 1961 3150 novat
1983 3069 2249 3178 quamveteris
2269 3095 2386 3153 mute·

970 3280 973 3287 .
997 3185 1062 3266 riae
1078 3183 1206 3282 stmul,
1228 3182 1295 3266 fiat
1313 3212 1385 3295 pro
1400 3178 1549 3268 ra'tione
1568 3175 1759 3294 utriusque
1784 3182 2027 3293 quantitatis,
2058 3183 2131 3264 erit
2151 3186 2307 3270 materia
2320 3215 2386 3271 ve·
2528 3217 2529 3240 ¹

996 3317 1061 3380 tus
1086 3327 1163 3399 150
1190 3300 1372 3384 librarum
1391 3302 1562 3411 corporis
1592 3299 1695 3382 istius
1725 3299 1891 3380 hominis
1913 3295 2064 3380 redacta
2085 3297 2137 3380 ad
2168 3313 2303 3410 325¹}
2333 3297 2385 3387 se·

996 3412 1190 3508 muncias,
1219 3407 1284 3496 seu
1302 3413 1354 3496 ad
1368 3445 1448 3497 tor
1469 3414 1537 3502 lib.
1565 3431 1640 3522 19}
1658 3405 1877 3498 semuncias.
1923 3409 2136 3499 Refiduum
2166 3445 2262 3500 vero
2282 3445 2383 3502 nem·
2529 3410 2530 3432 ¹

995 3532 1202 3636 ce1548}
1231 3521 1396 3611 semunc.
1421 3521 1484 3609 seu
1513 3540 1568 3634 48
1591 3526 1658 3610 lib.
1693 3533 1766 3637 12}
1799 3521 1963 3613 semunc.
1996 3530 2066 3612 erit
2092 3557 2200 3622 nova,
2222 3527 2385 3619 substan·

996 3644 1077 3740 tia,
1095 3669 1180 3756 quae
1203 3669 1290 3726 cum
1309 3642 1375 3725 illa
1393 3642 1518 3726 veteri
1538 3671 1675 3755 eorpus
1704 3645 1911 3731 humanum
1933 3647 2018 3757 post
2036 3648 2125 3728 anni
2144 3643 2261 3734 finem
2278 3679 2386 3738 cotu-

994 3781 1131 3871 ponet.
1189 3757 1280 3866 Jatn
1300 3785 1411 3857 vero,
1430 3786 1517 3840 cum
1534 3785 1668 3872 parurn
1695 3761 1790 3844 abstt
1813 3763 1906 3874 quin
1931 3775 1986 3867 48
2019 3762 2087 3846 lib.
2118 3771 2192 3872 12ss
2220 3759 2381 3852 semunc.

991 3873 1134 3960 faciant
1162 3878 1316 3960 tertiam
1336 3899 1484 3987 partem
1521 3905 1597 3980 150
1630 3877 1833 3973 librarum,
1866 3877 1944 3961 dici
1976 3879 2132 3989 potest,
2161 3883 2272 3994 quod
2302 3914 2386 3970 cor·

989 4015 1065 4101 pus
1084 3993 1313 4092 humanum,
1335 3992 1476 4104 quovis
1500 4017 1603 4075 anno
1637 3985 1788 4106 elapso,
1808 3994 1987 4078 trientem
2016 3993 2095 4082 sere
2118 3992 2283 4083 amiserit
2312 3996 2382 4086 suae

990 4098 1200 4188 substantia
1225 4133 1341 4220 quam
1369 4109 1483 4192 initio
1512 4109 1613 4192 illius
1636 4107 1846 4210 habuerat,
1866 4111 1968 4196 adeo
1999 4141 2047 4195 ue
2077 4107 2186 4225 quod
2207 4114 2274 4227 ipfi
2301 4145 2384 4204 non

989 4219 1117 4304 multo
1143 4222 1228 4332 plus
1261 4221 1410 4307 duabus
1437 4225 1558 4308 tertiis
1582 4221 1752 4336 partibus
1780 4228 1955 4313 restiterit
1969 4141 2189 4315 iubstmtiae
2221 4237 2380 4320 veteris.

988 4327 1160 4422 Proinde
1186 4337 1317 4449 elapsis
1342 4337 1497 4424 duobus
1524 4341 1654 4440 annis,
1685 4343 1878 4428 restabunt
1904 4347 2020 4457 paulo
2047 4345 2269 4461 plusquam
2293 4345 2386 4438 du!

987 4453 1110 4536 tertiat
1137 4455 1286 4540 illarum
1321 4452 1481 4540 duarum
1511 4458 1738 4561 tertiarum,
1774 4459 1816 4542 id
1850 4463 1904 4544 est
1932 4487 2048 4574 quam
2074 4489 2241 4576 quatuor
2266 4493 2381 4554 nona

989 4589 1136 4676 partes:
1156 4595 1196 4656 at
1219 4599 1307 4657 cum
1329 4573 1446 4657 etiam
1464 4581 1487 4672 ξ’
1506 4569 1549 4656 stt
1569 4575 1687 4684 paulo
1715 4578 1801 4687 plus
1826 4603 1942 4690 quarn
1971 4583 2018 4689 ξς
2048 4583 2262 4691 poterimus
2284 4585 2383 4674 affit-

987 4704 1095 4765 mare
1121 4689 1231 4794 quod
1250 4691 1347 4774 intra
1368 4688 1568 4776 biennium
1587 4693 1745 4778 materia
1775 4695 1948 4805 corporis
1971 4695 2127 4780 humani
2149 4725 2265 4809 quarn
2293 4731 2385 4814 pro·

986 4794 1095 4878 xime
1116 4799 1168 4893 ad
1189 4797 1243 4886 sui
1265 4805 1469 4890 dimidium
1493 4800 1732 4894 consumanu
1745 4869 1758 4909 ,
1789 4811 1828 4895 δι
1855 4811 2016 4896 alterum
2047 4813 2252 4900 dimidium
2279 4847 2386 4905 nova

820 5015 824 5020 ,
985 4907 1217 5026 ῐςίὶίωεωτ.
1256 4913 1380 5016 Porto
1404 4917 1487 5022 due
1508 4927 1626 5040 tertia
1647 4949 1776 5048 partas
1793 4923 1968 5042 dimidii,
1988 4923 2054 5042 seu
2070 4929 2274 5028 dimidium
2288 4935 2385 5020 dua-

2294 5054 2390 5152 mus
