5500 6884
997 842 1018 933 [
1076 845 1129 935 65
1189 838 1210 933 l

969 1235 1060 1337 N0.
1111 1232 1210 1337 xl.
1290 1328 1293 1333 .

401 1492 665 1593 SOLUTIO
695 1487 1110 1587 PROBLEMATB
1140 1488 1443 1633 CARTESIO
1469 1413 1785 1589 ruouosm

450 1688 477 1743 a
497 1650 676 1749 DaDr.
701 1651 971 1752 urtone,
1001 1646 1204 1743 exhibitu
1225 1652 1351 1765 Jorr.
1381 1652 1726 1749 Banuounnr

989 1762 1182 1877 Besaleenfi.

670 1987 760 2063 Vide
789 1990 1117 2075 caltararum,
1143 1986 1244 2084 Epist.
1266 2010 1326 2084 79.
1352 1974 1455 2065 Tum
1479 2009 1513 2081 3.

403 2182 659 2395 PRIMA
673 2212 759 2269 mea
777 2182 888 2291 hujus
907 2182 1157 2293 problematis
1179 2176 1344 2283 solutio,
1368 2212 1453 2299 qua
1472 2120 1659 2299 reperinrr
1676 2188 1782 2270 testo
1801 2184 1876 2283 Αἶα
1895 2190 1968 2251 rm

515 2306 677 2390 nomine
698 2306 737 2395 iu
756 2294 899 2385 Dianio
922 2296 1079 2387 Gallico
1105 2330 1183 2410 34,
1214 2302 1303 2385 anni
1322 2302 1463 2415 elapsu
1495 2306 1522 2355 ¹*
1556 2332 1639 2387 ¹¹0ss
1658 2306 1784 2387 minus
1801 2272 1968 2429 duffii}

402 2450 509 2537 quam
533 2419 697 2519 Fratris,
750 2420 791 2501 ui
811 2413 913 2501 suam
945 2418 1063 2517 mihi,
1099 2443 1181 2501 turn
1203 2420 1403 2530 ‚temporis
1428 2414 1575 2505 Parisiis
1604 2448 1782 2505 commo·

400 2544 525 2639 ranri,
565 2533 674 2621 trans
707 2538 834 2635 'erat,
865 2528 1044 2647 supponit
1067 2534 1335 2648 quadraturam
1362 2530 1470 2649 spatii
1503 2538 1529 2621 h
1624 2538 1781 2629 bolicir

401 2656 560 2770 idquod
578 2654 898 2739 conllrudlionem
920 2654 958 2735 in
981 2654 1087 2764 praxi
1106 2651 1373 2764 impossibilem
1399 2567 1624 2741 redditffl
1645 2684 1698 2741 eo
1715 2682 1788 2739 au«

399 2798 475 2859 tem
496 2801 673 2887 ternpore
692 2765 911 2884 praesentem
929 2768 1028 2853 hanc
1047 2768 1252 2869 adinveni,
1273 2800 1358 2885 quar
1387 2800 1466 2885 ope
1490 2768 1785 2887 Logarithmicae

401 2892 560 3003 vulgaris
578 2917 696 3003 quam
711 2886 890 2973 facillime
916 2888 1129 2999 peragitur,
1148 2894 1188 2971 δι
1206 2914 1438 3002 propterea,
1456 2918 1529 2975 ceu
1552 2888 1786 2985 naturalior,-

400 3011 520 3120 priori
539 3010 654 3119 longe
686 3002 946 3090 anteferenda.
982 2998 1191 3088 Problema
1217 3030 1348 3089 autem
1375 3004 1453 3089 tale
1483 3009 1539 3089 est
1564 3041 1574 3089 ε
1604 3001 1785 3088 Invenire
1800 3016 1894 3083 Tru
1913 3016 1964 3083 tv.

395 3152 555 3231 curvam
583 3118 679 3221 Al,
721 3126 827 3233 cujus
852 3121 1042 3239 applicata
1066 3114 1137 3205 Kl
1169 3120 1213 3209 fit
1241 3120 1291 3211 ad
1314 3116 1605 3235 subtangentem
1638 3114 1745 3207 KM
1766 3182 1779 3212 .
1799 3101 1852 3249 ἓ·
1876 3100 1941 3247 {t

397 3266 438 3327 ut
473 3244 576 3329 linea
598 3242 687 3325 dara
709 3236 780 3339 N,
816 3233 868 3322 ad
888 3239 1110 3349 portionem
1137 3238 1332 3348 applicata
1362 3232 1426 3323 IL
1439 3240 1705 3350 interceptam
1722 3236 1782 3331 in,-
1832 3204 1862 3264 ι’

397 3384 451 3443 ter
476 3386 637 3445 curvam
661 3350 734 3443 Al
758 3418 771 3457 ,
807 3363 846 3441 dr
874 3358 1015 3441 redlam
1045 3348 1134 3441 AL
1163 3354 1344 3468 angulum
1374 3350 1612 3441 semueuum
1636 3354 1784 3446 facien·

396 3497 468 3561 tem
494 3506 586 3561 cum
606 3504 679 3561 axe
712 3468 823 3560 AK.
1158 3554 1163 3565 ,
1779 3564 1784 3577 ,

446 3592 620 3679 Solaria:
652 3587 725 3676 Ad
755 3586 1002 3703 asymptoton
1035 3580 1150 3687 ΑΒ,
1184 3586 1540 3701 perpendicularem
1564 3588 1615 3675 ad
1641 3582 1778 3690 ΑΚ,

391 3715 628 3796 construatur
649 3704 934 3823 Logarirhmica
950 3708 1116 3820 vulgaris
1154 3698 1279 3803 DC,
1307 3710 1414 3813 cujus
1445 3703 1673 3819 subtangens
1695 3702 1780 3792 AF
1814 3731 1819 3743 '

392 3825 432 3910 lit
460 3830 620 3943 aqualis
642 3828 750 3910 linea
776 3824 873 3909 data
896 3822 946 3915 N
970 3860 979 3908 ε
1010 3852 1033 3907 a
1052 3826 1194 3933 pmuo
1221 3822 1401 3929 quolibet
1420 3820 1713 3936 Logaritlrmicae
1730 3817 1780 3909 ⁴C

389 3944 579 4030 durantur
611 3938 682 4027 CI
709 3942 886 4055 parallela
915 3943 976 4025 axi
999 3936 1124 4041 AK,
1153 3947 1194 4023 dr
1220 3934 1314 4027 CG
1346 3940 1397 4022 ad
1419 3940 1586 4025 eundem
1614 3969 1779 4053 perpen-

387 4061 568 4153 dicularis,
594 4058 723 4145 secans
755 4084 976 4173 tangentem
999 4052 1291 4171 Logarithmicae
1324 4052 1410 4143 DF
1443 4061 1482 4141 in
1511 4064 1654 4169 pundo
1690 4052 1777 4149 He

387 4174 589 4295 sumtaque
606 4174 833 4379 {llaequali
854 4176 923 4291 ipli
947 4170 1070 4277 CH,
1094 4172 1186 4260 dico
1208 4178 1391 4289 pundum
1413 4172 1433 4261 I
1454 4172 1529 4262 elle
1550 4176 1601 4262 ad
1622 4201 1779 4263 curvam

410 4299 584 4381 uaesrtam
692 4358 702 4379 .

385 4323 410 4411 q
436 4410 673 4511 Caererum,
695 4412 794 4495 reda
821 4408 933 4495 duda
954 4436 1022 4521 per
1047 4406 1274 4521 Fparallela
1298 4408 1364 4505 lofi
1389 4404 1480 4495 AL
1508 4408 1563 4493 est
1585 4404 1780 4521 asympro·

378 4554 439 4639 tos
460 4558 599 4615 curvae
632 4522 737 4618 A1;
778 4523 937 4637 ¹spatium
970 4526 1220 4611 curvilineum
1253 4522 1367 4613 ΑΙΒ
1403 4552 1571 4639 equatur
1593 4522 1682 4612 semi
1712 4556 1780 4611 ua·
1945 4522 1958 4609 ’.

373 4646 491 4731 drato
521 4648 729 4759 applicata
753 4638 848 4743 KI,
885 4644 1021 4728 demto
1043 4644 1261 4759 redangulo
1285 4640 1352 4729 sub
1380 4644 1469 4729 data
1487 4642 1536 4732 N
1567 4648 1605 4726 ἃ
1629 4558 1782 4732 abdella

372 4758 517 4857 AK;
556 4790 680 4847 curva
705 4784 835 4846 autent
855 4750 933 4873 ipsa
970 4756 1042 4845 Al
1072 4764 1124 4847 ell
1155 4792 1203 4847 ex
1233 4790 1361 4847 earum
1389 4790 1586 4861 numero,
1618 4790 1781 4875 quarum
1965 4830 1969 4837 .

370 4882 685 4969 rectificationes
713 4877 873 4989 quidem
902 4878 1149 4963 inabstraeto
1173 4908 1255 4965 non
1282 4880 1495 4983 habentur,
1518 4879 1786 4997 longitudines
1960 4905 1964 4915 “

241 5056 243 5066 .
421 4998 542 5103 lun.
563 4997 753 5080 Bonoulli
771 4992 1023 5107 opernm
1052 4993 1177 5087 Tum.
1190 4990 1223 5084 Ι.
1423 4990 1444 5082 1
1651 5023 1784 5090 tamen
1915 5004 1983 5021 ”

503 5132 524 5166 ⁸
543 5131 647 5207 Supra
661 5129 715 5195 ll‘.
737 5128 801 5193 lX.

1995 3228 2038 3418 l
