5500 6884
962 898 987 977 n
1158 875 1237 969 No.
1267 871 1301 966 1.
1359 871 1457 964 nrt
1508 855 2188 970 rrrrnurrcunrrrr'

1596 1087 1630 1180 Ἰ
1656 1081 1690 1180 1.

1017 1301 1173 1392 Peratia
1199 1305 1366 1394 nominis
1391 1291 1670 1418 descriptione,
1700 1297 1967 1390 uanstemdum
1991 1305 2046 1392 est
2066 1299 2117 1390 ad
2142 1303 2326 1396 definitio·

960 1453 1050 1509 nem
1075 1425 1143 1507 rei.
1162 1431 1168 1437 ’
1186 1419 1261 1508 Per
1283 1419 1605 1508 effervescentiam
1628 1421 1759 1534 itaque
1772 1423 1834 1506 hic
1850 1450 1930 1505 non
1946 1421 2167 1534 intelligitur
2178 1483 2193 1526 ,
2220 1425 2326 1510 animi
2479 1445 2480 1488 ³

960 1535 1154 1624 subitanea
1178 1540 1243 1620 illa
1270 1535 1408 1651 pallio,
1435 1563 1519 1651 quae
1542 1538 1662 1650 vulgo
1684 1547 1742 1622 ira
1763 1538 1829 1622 vel
1843 1539 2125 1644 excandescentia
2149 1564 2324 1632 vocatur

910 1655 915 1662 ’
961 1655 1010 1738 src
1036 1657 1139 1740 enim
1158 1653 1343 1756 irascentes
1364 1653 1543 1738 dicuntur
1562 1655 1762 1761 exustum,
1791 1647 2029 1766 fferoejiere,
2054 1679 2219 1766 quorum
2232 1653 2327 1766 quali
2479 1711 2480 1714 κ

959 1797 1068 1856 mens
1093 1772 1295 1870 exaestuat,
1325 1767 1414 1853 hinc
1440 1765 1640 1882 Virgilius'
1655 1769 1782 1883 palsmr
1817 1773 2014 1863 bominem
2049 1767 2165 1856 valde
2198 1769 2327 1856 iratum

957 1890 1134 1972 nominat
1146 1888 1296 1996 fervore
1302 1889 1510 1994 furentem,
1535 1883 1575 1970 δε
1600 1886 1694 1970 alibi
1713 1889 1854 1970 tumida
1868 1889 1933 1998 qui
1941 1888 2071 1994 fervet.
2084 1882 2130 1966 ab
2149 1889 2231 1966 irc:
2256 1885 2329 1970 fot·

957 1997 1021 2086 san
1046 2003 1141 2088 ideo
1165 2003 1250 2086 irati
1270 2000 1488 2112 ffervescere
1513 1999 1724 2100 dicuntur,
1755 2001 1845 2115 quia
1870 2027 2005 2087 eorum
2030 1997 2176 2112 sanguis
2202 2025 2327 2114 praettt

838 2169 842 2176 ·
958 2119 1120 2202 modum
1155 2145 1225 2230 per
1250 2140 1378 2202 totum
1403 2145 1540 2227 corpus
1567 2119 1718 2201 citatior
1744 2119 1885 2216 cmrit,
1923 2111 2137 2212 incalescit,
2172 2115 2328 2220 ebullit,

958 2230 1237 2318 intumescit&
1269 2231 1319 2318 src
1346 2257 1478 2318 veram
1508 2226 1826 2320 effervescentem
1850 2227 1976 2322 subitr
2005 2231 2109 2316 unde
2133 2227 2248 2316 ficies
2276 2234 2330 2316 in-

957 2345 1062 2434 tense
1086 2349 1227 2447 rubet,
1253 2369 1362 2432 venae
1384 2373 1562 2460 turgent,
1589 2348 1692 2430 oculi
1717 2343 1944 2446 scintillant,
1970 2348 2099 2430 vultus
2125 2374 2259 2430 eorum
2281 2349 2330 2436 est

957 2487 1091 2550 torvus
1115 2470 1156 2549 dc
1181 2465 1332 2563 minax,
1360 2462 1540 2548 dentibus
1561 2462 1765 2561 fiendent,
1793 2491 1862 2548 ore
1883 2458 2080 2574 spumant,
2107 2462 2253 2547 calcant
2264 2463 2330 2550 hu·

958 2609 1065 2664 mum
1091 2586 1167 2664 &o
1227 2577 1383 2663 Omnes
1408 2579 1465 2664 hae
1487 2582 1679 2680 actiones,
1707 2605 1791 2694 quae
1817 2581 1989 2664 oriuntur
2013 2577 2064 2660 ab
2091 2573 2329 2664 effervescen-

957 2699 1011 2780 tia
1032 2689 1152 2780 totius
1177 2697 1389 2804 corporis,
1427 2693 1607 2806 primario
1645 2690 1854 2807 agnoscunt
1887 2701 1960 2805 pro
1998 2687 2106 2778 causa
2131 2692 2337 2806 passionem.

955 2815 1098 2902 aniame
1126 2835 1170 2894 ut
1195 2811 1325 2922 itaque
1350 2808 1557 2922 improprie
1583 2811 1812 2924 loquendo,
1838 2805 2075 2894 &sumendo
2093 2807 2239 2894 causam
2262 2837 2331 2928 pro

954 2924 1114 3029 tffediu,
1137 2926 1286 3015 artimus
1304 2925 1356 3016 ab
1378 2927 1435 3018 ira
1454 2922 1671 3038 (ffetvsstre
1693 2933 1733 3012 dc
1756 2924 1859 3044 quafi
1887 2925 2048 3016 ebullire
2075 2924 2236 3018 dicanu.

1579 3121 1706 3226 111.

905 3407 917 3428 .
1011 3333 1130 3434 Missa
1153 3370 1282 3434 autern
1303 3351 1376 3432 hac
1402 3341 1682 3436 effervescentia
1694 3410 1708 3452 ,
1741 3345 2063 3468 progrediendum
2085 3349 2139 3441 esi
2163 3345 2213 3440 ad
2236 3365 2329 3468 prod

953 3461 1130 3577 positum.
1172 3459 1279 3548 Vera
1301 3463 1432 3574 itaque
1452 3460 1744 3551 Effervescentia
1765 3471 1918 3582 physica
1942 3481 1982 3558 dc
2001 3471 2255 3558 Fermentatio
2279 3475 2332 3560 ita

956 3575 1106 3664 definiri
1130 3581 1284 3690 potestr
1315 3577 1428 3692 quod
1451 3609 1590 3694 nempe
1615 3581 1659 3666 li't
1679 3589 1881 3696 irregulari
1902 3591 1948 3684 ά
1971 3585 2150 3694 irruimus
2168 3597 2331 3700 partium

952 3701 1102 3804 urporrfr
1124 3696 1218 3799 myli
1242 3709 1359 3776 mortu
1380 3753 1393 3786 ,
1415 3695 1520 3800 silico
1540 3703 1724 3809 intensor,
1760 3733 2011 3816 nonnunquam
2035 3727 2139 3797 cum,
2168 3735 2330 3788 nonnum

951 3835 1061 3925 quam
1069 3809 1149 3918 stne
1168 3815 1291 3892 caloris
1305 3811 1407 3916 senfic
1429 3815 1671 3924 perceptibilia
1730 3813 1860 3925 Quod
1881 3821 1906 3904 li
1932 3845 2058 3904 motus
2084 3823 2151 3906 ille
2174 3845 2331 3936 peraga-

951 3951 1013 4012 tur
1032 3952 1120 4008 cum
1145 3926 1429 4010 concitatiffima
1457 3931 1686 4016 ebullitione
1716 3937 1755 4016 dc
1788 3935 1977 4034 stridore,
2009 3931 2213 4050 subitoque
2238 3937 2333 4020 inci-

954 4041 1036 4154 piat
1056 4041 1196 4126 &cito
1220 4059 1382 4154 pereat,
1408 4069 1569 4132 vocatur
1598 4045 1881 4159 Effervelientiae.
1933 4051 1974 4138 Si
1992 4079 2089 4136 vero
2116 4054 2218 4139 lente
2245 4079 2334 4138 tan·

955 4179 1037 4244 tum
1063 4151 1271 4268 incipiens,
1301 4152 1432 4244 sensun
1461 4161 1621 4248 stadium
1647 4159 1750 4248 suunt
1779 4161 1981 4266 absolvat,
2011 4195 2083 4254 nec
2109 4171 2335 4254 notabiliter

949 4273 1134 4369 ebulliat,
1158 4273 1333 4384 quamvis
1353 4275 1518 4385 bullulas
1546 4279 1761 4366 emittendo
1783 4279 1925 4368 diutius
1945 4277 2182 4396 perseveret,
2210 4313 2336 4371 voca·

948 4415 1011 4472 tur
1034 4380 1283 4474 Fermenmr‘o.
1341 4385 1444 4481 Non
1467 4391 1544 4480 sme
1559 4398 1708 4480 ratione
1732 4421 1862 4482 autem
1885 4403 1924 4484 in
1946 4397 2171 4486 definitione
2199 4401 2335 4514 requi·

949 4501 1058 4588 situm
1084 4505 1170 4604 est,
1200 4529 1244 4588 ut
1269 4529 1439 4621 corpus,
1470 4509 1580 4622 tprod
1605 4503 1936 4600 Effervescentiam
1960 4517 2028 4600 vel
2047 4511 2331 4602 Fermentatio·

945 4645 1037 4704 uem
1063 4613 1186 4704 subire
1203 4615 1347 4722 debet,
1379 4623 1423 4708 lit
1453 4627 1614 4712 mixtum
1632 4629 1699 4714 ad
1727 4632 1924 4716 minimum
1951 4659 1998 4718 erc
2027 4630 2178 4718 duobus
2204 4635 2327 4724 aliisr

945 4761 1086 4846 corpus
1107 4739 1211 4819 enim
1235 4736 1390 4850 srmplex
1411 4743 1508 4853 (per
1521 4745 1799 4857 corpusfimplex
1813 4749 1875 4830 hic
1890 4750 2086 4862 intelligo,
2116 4777 2197 4834 non
2214 4742 2335 4864 quod

944 4876 1015 4965 per
1036 4873 1166 4940 totum
1186 4879 1236 4946 ex
1251 4855 1445 4971 particula
1469 4858 1724 4976 homogencis
1746 4865 1803 4951 est
1826 4867 2054 4968 connum
2084 4857 2151 4958 scd
2169 4863 2334 4986 quodli-

2255 4981 2336 5076 bet
