<?xml version="1.0" encoding="UTF-8"?>
<!DOCTYPE html PUBLIC "-//W3C//DTD XHTML 1.0 Transitional//EN"
    "http://www.w3.org/TR/xhtml1/DTD/xhtml1-transitional.dtd">
<html xmlns="http://www.w3.org/1999/xhtml" xml:lang="en" lang="en">
 <head>
  <title>
</title>
<meta http-equiv="Content-Type" content="text/html;charset=utf-8" />
  <meta name='ocr-system' content='tesseract 3.04.00' />
  <meta name='ocr-capabilities' content='ocr_page ocr_carea ocr_par ocr_line ocrx_word'/>
</head>
<body>
  <div class='ocr_page' id='page_1' title='image "./operaomnia00primgoog_0205.png"; bbox 0 0 5500 6884; ppageno 0'>
   <div class='ocr_carea' id='block_1_1' title="bbox 476 800 1812 917">
    <p class='ocr_par' dir='ltr' id='par_1_1' title="bbox 476 800 1812 917">
     <span class='ocr_line' id='line_1_1' title="bbox 476 800 1812 917; baseline -0.006 -14"><span class='ocrx_word' id='word_1_1' title='bbox 476 810 557 903; x_wconf 62' lang='lat' dir='ltr'>Na</span> <span class='ocrx_word' id='word_1_2' title='bbox 578 804 748 897; x_wconf 73' lang='lat' dir='ltr'>xxx,</span> <span class='ocrx_word' id='word_1_3' title='bbox 777 800 1117 899; x_wconf 70' lang='lat' dir='ltr'>Amnum</span> <span class='ocrx_word' id='word_1_4' title='bbox 1144 800 1214 891; x_wconf 80' lang='lat' dir='ltr'>m</span> <span class='ocrx_word' id='word_1_5' title='bbox 1235 802 1420 892; x_wconf 81' lang='lat' dir='ltr'>rcum&gt;</span> <span class='ocrx_word' id='word_1_6' title='bbox 1452 800 1700 895; x_wconf 78' lang='lat' dir='ltr'>urcumu.</span> <span class='ocrx_word' id='word_1_7' title='bbox 1733 837 1812 917; x_wconf 86' lang='lat'>159</span> 
     </span>
    </p>
   </div>
   <div class='ocr_carea' id='block_1_2' title="bbox 416 957 1811 1431">
    <p class='ocr_par' dir='ltr' id='par_1_2' title="bbox 416 957 1811 1431">
     <span class='ocr_line' id='line_1_2' title="bbox 478 957 1808 1076; baseline -0.002 -25"><span class='ocrx_word' id='word_1_8' title='bbox 478 964 585 1075; x_wconf 75' lang='lat' dir='ltr'>Qua</span> <span class='ocrx_word' id='word_1_9' title='bbox 607 958 726 1053; x_wconf 88' lang='lat' dir='ltr'>Nob.</span> <span class='ocrx_word' id='word_1_10' title='bbox 756 957 1292 1052; x_wconf 76' lang='lat' dir='ltr'>TscHIRNHAUsws</span> <span class='ocrx_word' id='word_1_11' title='bbox 1319 993 1369 1047; x_wconf 86' lang='lat' dir='ltr'>ert</span> <span class='ocrx_word' id='word_1_12' title='bbox 1391 964 1719 1076; x_wconf 84' lang='lat' dir='ltr'>contemplatione</span> <span class='ocrx_word' id='word_1_13' title='bbox 1746 962 1808 1049; x_wconf 88' lang='lat' dir='ltr'>fo·</span> 
     </span>
     <span class='ocr_line' id='line_1_3' title="bbox 417 1076 1811 1195; baseline -0.003 -26"><span class='ocrx_word' id='word_1_14' title='bbox 417 1112 552 1169; x_wconf 87' lang='lat' dir='ltr'>corum</span> <span class='ocrx_word' id='word_1_15' title='bbox 573 1085 615 1167; x_wconf 93' lang='lat' dir='ltr'>in</span> <span class='ocrx_word' id='word_1_16' title='bbox 645 1082 771 1167; x_wconf 87' lang='lat' dir='ltr'>curvis</span> <span class='ocrx_word' id='word_1_17' title='bbox 805 1082 922 1167; x_wconf 80' lang='lat' dir='ltr'>nobis</span> <span class='ocrx_word' id='word_1_18' title='bbox 952 1081 1093 1182; x_wconf 83' lang='lat' dir='ltr'>dedit,</span> <span class='ocrx_word' id='word_1_19' title='bbox 1123 1076 1210 1165; x_wconf 73' lang='lat' dir='ltr'>fitis</span> <span class='ocrx_word' id='word_1_20' title='bbox 1253 1082 1484 1182; x_wconf 86' lang='lat' dir='ltr'>ostendunt,</span> <span class='ocrx_word' id='word_1_21' title='bbox 1516 1108 1702 1195; x_wconf 90' lang='lat' dir='ltr'>quantum</span> <span class='ocrx_word' id='word_1_22' title='bbox 1731 1084 1811 1165; x_wconf 81' lang='lat' dir='ltr'>haec</span> 
     </span>
     <span class='ocr_line' id='line_1_4' title="bbox 418 1198 1811 1315; baseline -0.002 -29"><span class='ocrx_word' id='word_1_23' title='bbox 418 1203 579 1286; x_wconf 86' lang='lat' dir='ltr'>materia</span> <span class='ocrx_word' id='word_1_24' title='bbox 600 1226 791 1285; x_wconf 90' lang='lat' dir='ltr'>mereatur</span> <span class='ocrx_word' id='word_1_25' title='bbox 818 1223 862 1285; x_wconf 87' lang='lat' dir='ltr'>ut</span> <span class='ocrx_word' id='word_1_26' title='bbox 893 1198 1114 1315; x_wconf 85' lang='lat' dir='ltr'>diligentius</span> <span class='ocrx_word' id='word_1_27' title='bbox 1142 1203 1341 1290; x_wconf 71' lang='lat' dir='ltr'>tradeturt</span> <span class='ocrx_word' id='word_1_28' title='bbox 1372 1198 1497 1285; x_wconf 88' lang='lat' dir='ltr'>fateor</span> <span class='ocrx_word' id='word_1_29' title='bbox 1527 1201 1630 1283; x_wconf 88' lang='lat' dir='ltr'>enim</span> <span class='ocrx_word' id='word_1_30' title='bbox 1662 1202 1811 1313; x_wconf 90' lang='lat' dir='ltr'>llupen-</span> 
     </span>
     <span class='ocr_line' id='line_1_5' title="bbox 416 1315 1810 1431; baseline -0.001 -29"><span class='ocrx_word' id='word_1_31' title='bbox 416 1318 468 1402; x_wconf 91' lang='lat' dir='ltr'>da</span> <span class='ocrx_word' id='word_1_32' title='bbox 485 1319 748 1416; x_wconf 77' lang='lat' dir='ltr'>theoremata,</span> <span class='ocrx_word' id='word_1_33' title='bbox 778 1322 820 1401; x_wconf 72' lang='lat' dir='ltr'>oe</span> <span class='ocrx_word' id='word_1_34' title='bbox 849 1320 1021 1401; x_wconf 86' lang='lat' dir='ltr'>veritatis</span> <span class='ocrx_word' id='word_1_35' title='bbox 1039 1318 1214 1431; x_wconf 92' lang='lat' dir='ltr'>alioquin</span> <span class='ocrx_word' id='word_1_36' title='bbox 1226 1316 1415 1431; x_wconf 80' lang='lat' dir='ltr'>indaginis</span> <span class='ocrx_word' id='word_1_37' title='bbox 1426 1315 1709 1417; x_wconf 78' lang='lat' dir='ltr'>abstrustllimae,</span> <span class='ocrx_word' id='word_1_38' title='bbox 1725 1317 1810 1401; x_wconf 92' lang='lat' dir='ltr'>nul·</span> 
     </span>
    </p>
   </div>
   <div class='ocr_carea' id='block_1_3' title="bbox 256 1430 1809 1549">
    <p class='ocr_par' dir='ltr' id='par_1_3' title="bbox 256 1430 1809 1549">
     <span class='ocr_line' id='line_1_6' title="bbox 256 1430 1809 1549; baseline -0.003 -30"><span class='ocrx_word' id='word_1_39' title='bbox 256 1439 257 1467; x_wconf 61' lang='lat'>¹</span> <span class='ocrx_word' id='word_1_40' title='bbox 414 1437 457 1519; x_wconf 91' lang='lat' dir='ltr'>lo</span> <span class='ocrx_word' id='word_1_41' title='bbox 480 1434 673 1519; x_wconf 86' lang='lat' dir='ltr'>interdum</span> <span class='ocrx_word' id='word_1_42' title='bbox 691 1460 758 1517; x_wconf 89' lang='lat' dir='ltr'>aut</span> <span class='ocrx_word' id='word_1_43' title='bbox 776 1436 854 1519; x_wconf 87' lang='lat' dir='ltr'>levi</span> <span class='ocrx_word' id='word_1_44' title='bbox 881 1439 1068 1549; x_wconf 86' lang='lat' dir='ltr'>negotio,</span> <span class='ocrx_word' id='word_1_45' title='bbox 1096 1434 1188 1521; x_wconf 94' lang='lat' dir='ltr'>inde</span> <span class='ocrx_word' id='word_1_46' title='bbox 1211 1438 1305 1520; x_wconf 87' lang='lat' dir='ltr'>erui.</span> <span class='ocrx_word' id='word_1_47' title='bbox 1334 1430 1493 1520; x_wconf 87' lang='lat' dir='ltr'>lnterim</span> <span class='ocrx_word' id='word_1_48' title='bbox 1517 1465 1596 1519; x_wconf 92' lang='lat' dir='ltr'>non</span> <span class='ocrx_word' id='word_1_49' title='bbox 1633 1430 1809 1545; x_wconf 88' lang='lat' dir='ltr'>perscipi-</span> 
     </span>
    </p>
   </div>
   <div class='ocr_carea' id='block_1_4' title="bbox 414 1550 1810 3071">
    <p class='ocr_par' dir='ltr' id='par_1_4' title="bbox 414 1550 1810 3071">
     <span class='ocr_line' id='line_1_7' title="bbox 416 1550 1807 1667; baseline -0.003 -32"><span class='ocrx_word' id='word_1_50' title='bbox 416 1553 503 1651; x_wconf 88' lang='lat' dir='ltr'>cio,</span> <span class='ocrx_word' id='word_1_51' title='bbox 545 1550 753 1664; x_wconf 91' lang='lat' dir='ltr'>quomodo</span> <span class='ocrx_word' id='word_1_52' title='bbox 794 1579 863 1664; x_wconf 90' lang='lat' dir='ltr'>per</span> <span class='ocrx_word' id='word_1_53' title='bbox 905 1554 1021 1636; x_wconf 90' lang='lat' dir='ltr'>aliam</span> <span class='ocrx_word' id='word_1_54' title='bbox 1058 1553 1329 1639; x_wconf 88' lang='lat' dir='ltr'>evolutionem</span> <span class='ocrx_word' id='word_1_55' title='bbox 1368 1580 1486 1667; x_wconf 86' lang='lat' dir='ltr'>quam</span> <span class='ocrx_word' id='word_1_56' title='bbox 1524 1552 1807 1663; x_wconf 63' lang='lat' dir='ltr'>lingentium,</span> 
     </span>
     <span class='ocr_line' id='line_1_8' title="bbox 415 1665 1808 1785; baseline 0 -34"><span class='ocrx_word' id='word_1_57' title='bbox 415 1670 616 1754; x_wconf 83' lang='lat' dir='ltr'>theorema</span> <span class='ocrx_word' id='word_1_58' title='bbox 642 1696 772 1753; x_wconf 88' lang='lat' dir='ltr'>meum</span> <span class='ocrx_word' id='word_1_59' title='bbox 801 1668 853 1755; x_wconf 90' lang='lat' dir='ltr'>de</span> <span class='ocrx_word' id='word_1_60' title='bbox 878 1665 1224 1785; x_wconf 80' lang='lat' dir='ltr'>condescriptarum</span> <span class='ocrx_word' id='word_1_61' title='bbox 1257 1668 1495 1757; x_wconf 85' lang='lat' dir='ltr'>dimenhone</span> <span class='ocrx_word' id='word_1_62' title='bbox 1533 1670 1781 1755; x_wconf 84' lang='lat' dir='ltr'>demonstrari</span> <span class='ocrx_word' id='word_1_63' title='bbox 1793 1728 1808 1769; x_wconf 89' lang='lat'>,</span> 
     </span>
     <span class='ocr_line' id='line_1_9' title="bbox 414 1786 1810 1903; baseline 0.001 -34"><span class='ocrx_word' id='word_1_64' title='bbox 414 1786 562 1871; x_wconf 90' lang='lat' dir='ltr'>nedum</span> <span class='ocrx_word' id='word_1_65' title='bbox 578 1790 660 1892; x_wconf 84' lang='lat' dir='ltr'>ejus</span> <span class='ocrx_word' id='word_1_66' title='bbox 690 1786 1095 1901; x_wconf 72' lang='lat' dir='ltr'>doetrinaamplificari</span> <span class='ocrx_word' id='word_1_67' title='bbox 1117 1788 1229 1903; x_wconf 81' lang='lat' dir='ltr'>polht</span> <span class='ocrx_word' id='word_1_68' title='bbox 1248 1820 1261 1882; x_wconf 68' lang='grc' dir='ltr'><strong>ς</strong></span> <span class='ocrx_word' id='word_1_69' title='bbox 1282 1816 1396 1887; x_wconf 89' lang='lat' dir='ltr'>cum,</span> <span class='ocrx_word' id='word_1_70' title='bbox 1427 1790 1466 1872; x_wconf 93' lang='lat' dir='ltr'>in</span> <span class='ocrx_word' id='word_1_71' title='bbox 1482 1787 1810 1873; x_wconf 83' lang='lat' dir='ltr'>demonstratione</span> 
     </span>
     <span class='ocr_line' id='line_1_10' title="bbox 415 1898 1808 2015; baseline 0.001 -30"><span class='ocrx_word' id='word_1_72' title='bbox 415 1901 620 1988; x_wconf 85' lang='lat' dir='ltr'>necelsario</span> <span class='ocrx_word' id='word_1_73' title='bbox 640 1898 918 2015; x_wconf 86' lang='lat' dir='ltr'>respiciendum</span> <span class='ocrx_word' id='word_1_74' title='bbox 940 1905 986 1988; x_wconf 87' lang='lat' dir='ltr'>stt</span> <span class='ocrx_word' id='word_1_75' title='bbox 1003 1906 1056 1990; x_wconf 92' lang='lat' dir='ltr'>ad</span> <span class='ocrx_word' id='word_1_76' title='bbox 1085 1908 1368 1993; x_wconf 83' lang='lat' dir='ltr'>normalitatem</span> <span class='ocrx_word' id='word_1_77' title='bbox 1391 1907 1486 1991; x_wconf 89' lang='lat' dir='ltr'>radii</span> <span class='ocrx_word' id='word_1_78' title='bbox 1516 1906 1734 1991; x_wconf 85' lang='lat' dir='ltr'>evolventis</span> <span class='ocrx_word' id='word_1_79' title='bbox 1758 1900 1808 1987; x_wconf 87' lang='lat' dir='ltr'>ad</span> 
     </span>
     <span class='ocr_line' id='line_1_11' title="bbox 416 2018 1807 2136; baseline 0.001 -35"><span class='ocrx_word' id='word_1_80' title='bbox 416 2048 594 2118; x_wconf 71' lang='lat' dir='ltr'>euwain,</span> <span class='ocrx_word' id='word_1_81' title='bbox 625 2050 711 2133; x_wconf 82' lang='lat' dir='ltr'>quae</span> <span class='ocrx_word' id='word_1_82' title='bbox 740 2022 961 2105; x_wconf 86' lang='lat' dir='ltr'>normalitas</span> <span class='ocrx_word' id='word_1_83' title='bbox 992 2026 1034 2107; x_wconf 92' lang='lat' dir='ltr'>in</span> <span class='ocrx_word' id='word_1_84' title='bbox 1059 2018 1139 2107; x_wconf 90' lang='lat' dir='ltr'>sola</span> <span class='ocrx_word' id='word_1_85' title='bbox 1157 2026 1387 2111; x_wconf 89' lang='lat' dir='ltr'>evolutione</span> <span class='ocrx_word' id='word_1_86' title='bbox 1418 2022 1636 2136; x_wconf 79' lang='lat' dir='ltr'>Hugem&#39;aenae</span> <span class='ocrx_word' id='word_1_87' title='bbox 1655 2022 1807 2107; x_wconf 92' lang='lat' dir='ltr'>contin-</span> 
     </span>
     <span class='ocr_line' id='line_1_12' title="bbox 414 2132 1807 2250; baseline 0.003 -33"><span class='ocrx_word' id='word_1_88' title='bbox 414 2140 483 2250; x_wconf 86' lang='lat' dir='ltr'>git.</span> <span class='ocrx_word' id='word_1_89' title='bbox 535 2132 686 2237; x_wconf 83' lang='lat' dir='ltr'>Adde,</span> <span class='ocrx_word' id='word_1_90' title='bbox 745 2138 828 2221; x_wconf 92' lang='lat' dir='ltr'>uod</span> <span class='ocrx_word' id='word_1_91' title='bbox 857 2134 934 2225; x_wconf 94' lang='lat' dir='ltr'>Vir</span> <span class='ocrx_word' id='word_1_92' title='bbox 969 2139 1196 2225; x_wconf 82' lang='lat' dir='ltr'>acutilstmus</span> <span class='ocrx_word' id='word_1_93' title='bbox 1226 2142 1403 2225; x_wconf 92' lang='lat' dir='ltr'>nondum</span> <span class='ocrx_word' id='word_1_94' title='bbox 1440 2140 1617 2226; x_wconf 89' lang='lat' dir='ltr'>docuerit</span> <span class='ocrx_word' id='word_1_95' title='bbox 1645 2138 1807 2223; x_wconf 91' lang='lat' dir='ltr'>modum</span> 
     </span>
     <span class='ocr_line' id='line_1_13' title="bbox 414 2168 1807 2372; baseline 0.001 -36"><span class='ocrx_word' id='word_1_96' title='bbox 414 2255 632 2367; x_wconf 86' lang='lat' dir='ltr'>generalem</span> <span class='ocrx_word' id='word_1_97' title='bbox 670 2168 910 2340; x_wconf 70' lang='lat' dir='ltr'>delabendi</span> <span class='ocrx_word' id='word_1_98' title='bbox 948 2284 1104 2341; x_wconf 87' lang='lat' dir='ltr'>curvam</span> <span class='ocrx_word' id='word_1_99' title='bbox 1140 2260 1384 2372; x_wconf 80' lang='lat' dir='ltr'>quamlibet,</span> <span class='ocrx_word' id='word_1_100' title='bbox 1415 2286 1483 2370; x_wconf 94' lang='lat' dir='ltr'>per</span> <span class='ocrx_word' id='word_1_101' title='bbox 1518 2257 1630 2343; x_wconf 89' lang='lat' dir='ltr'>focos</span> <span class='ocrx_word' id='word_1_102' title='bbox 1667 2255 1807 2369; x_wconf 87' lang='lat' dir='ltr'>fimpli-</span> 
     </span>
     <span class='ocr_line' id='line_1_14' title="bbox 416 2372 1803 2491; baseline 0 -38"><span class='ocrx_word' id='word_1_103' title='bbox 416 2400 502 2471; x_wconf 88' lang='lat' dir='ltr'>ces,</span> <span class='ocrx_word' id='word_1_104' title='bbox 533 2400 614 2455; x_wconf 92' lang='lat' dir='ltr'>non</span> <span class='ocrx_word' id='word_1_105' title='bbox 639 2374 821 2457; x_wconf 85' lang='lat' dir='ltr'>lineares:</span> <span class='ocrx_word' id='word_1_106' title='bbox 854 2372 1021 2484; x_wconf 84' lang='lat' dir='ltr'>quemst</span> <span class='ocrx_word' id='word_1_107' title='bbox 1049 2377 1215 2487; x_wconf 87' lang='lat' dir='ltr'>premit,</span> <span class='ocrx_word' id='word_1_108' title='bbox 1246 2376 1439 2491; x_wconf 79' lang='lat' dir='ltr'>rogandus</span> <span class='ocrx_word' id='word_1_109' title='bbox 1457 2376 1532 2476; x_wconf 85' lang='lat' dir='ltr'>est,</span> <span class='ocrx_word' id='word_1_110' title='bbox 1563 2398 1607 2457; x_wconf 94' lang='lat' dir='ltr'>ut</span> <span class='ocrx_word' id='word_1_111' title='bbox 1633 2399 1803 2456; x_wconf 85' lang='lat' dir='ltr'>commu·</span> 
     </span>
     <span class='ocr_line' id='line_1_15' title="bbox 415 2490 1807 2609; baseline 0.001 -38"><span class='ocrx_word' id='word_1_112' title='bbox 415 2491 457 2571; x_wconf 92' lang='lat' dir='ltr'>ni</span> <span class='ocrx_word' id='word_1_113' title='bbox 478 2490 589 2572; x_wconf 91' lang='lat' dir='ltr'>bono</span> <span class='ocrx_word' id='word_1_114' title='bbox 616 2490 724 2573; x_wconf 90' lang='lat' dir='ltr'>illum</span> <span class='ocrx_word' id='word_1_115' title='bbox 745 2492 785 2572; x_wconf 93' lang='lat' dir='ltr'>in</span> <span class='ocrx_word' id='word_1_116' title='bbox 807 2490 935 2574; x_wconf 90' lang='lat' dir='ltr'>lucem</span> <span class='ocrx_word' id='word_1_117' title='bbox 961 2492 1137 2590; x_wconf 85' lang='lat' dir='ltr'>emittat,</span> <span class='ocrx_word' id='word_1_118' title='bbox 1169 2520 1338 2607; x_wconf 87' lang='lat' dir='ltr'>eumque</span> <span class='ocrx_word' id='word_1_119' title='bbox 1368 2524 1429 2581; x_wconf 86' lang='lat' dir='ltr'>ex.</span> <span class='ocrx_word' id='word_1_120' title='bbox 1448 2522 1505 2609; x_wconf 84' lang='lat' dir='ltr'>gr.</span> <span class='ocrx_word' id='word_1_121' title='bbox 1526 2492 1715 2608; x_wconf 82' lang='lat' dir='ltr'>parabolae</span> <span class='ocrx_word' id='word_1_122' title='bbox 1741 2516 1807 2573; x_wconf 88' lang='lat' dir='ltr'>cu-</span> 
     </span>
     <span class='ocr_line' id='line_1_16' title="bbox 415 2600 1809 2727; baseline 0.001 -39"><span class='ocrx_word' id='word_1_123' title='bbox 415 2605 529 2688; x_wconf 90' lang='lat' dir='ltr'>bicali</span> <span class='ocrx_word' id='word_1_124' title='bbox 548 2634 618 2717; x_wconf 86' lang='lat' dir='ltr'>per</span> <span class='ocrx_word' id='word_1_125' title='bbox 640 2604 752 2689; x_wconf 85' lang='lat' dir='ltr'>focos</span> <span class='ocrx_word' id='word_1_126' title='bbox 774 2600 1031 2692; x_wconf 71' lang='lat' dir='ltr'>describenda</span> <span class='ocrx_word' id='word_1_127' title='bbox 1055 2610 1234 2721; x_wconf 88' lang='lat' dir='ltr'>applicet.</span> <span class='ocrx_word' id='word_1_128' title='bbox 1295 2608 1491 2697; x_wconf 81' lang='lat' dir='ltr'>Ardenter</span> <span class='ocrx_word' id='word_1_129' title='bbox 1522 2638 1681 2727; x_wconf 88' lang='lat' dir='ltr'>quoque</span> <span class='ocrx_word' id='word_1_130' title='bbox 1712 2602 1809 2691; x_wconf 85' lang='lat' dir='ltr'>defi-</span> 
     </span>
     <span class='ocr_line' id='line_1_17' title="bbox 415 2721 1808 2837; baseline 0.001 -33"><span class='ocrx_word' id='word_1_131' title='bbox 415 2721 591 2806; x_wconf 77' lang='lat' dir='ltr'>derantur</span> <span class='ocrx_word' id='word_1_132' title='bbox 617 2724 923 2835; x_wconf 88' lang='lat' dir='ltr'>publicationem</span> <span class='ocrx_word' id='word_1_133' title='bbox 955 2722 1134 2809; x_wconf 89' lang='lat' dir='ltr'>methodi</span> <span class='ocrx_word' id='word_1_134' title='bbox 1167 2725 1411 2829; x_wconf 87' lang='lat' dir='ltr'>universalis,</span> <span class='ocrx_word' id='word_1_135' title='bbox 1444 2732 1550 2837; x_wconf 85' lang='lat' dir='ltr'>cujus</span> <span class='ocrx_word' id='word_1_136' title='bbox 1576 2722 1611 2813; x_wconf 88' lang='lat' dir='ltr'>le</span> <span class='ocrx_word' id='word_1_137' title='bbox 1645 2752 1808 2837; x_wconf 89' lang='lat' dir='ltr'>compo·</span> 
     </span>
     <span class='ocr_line' id='line_1_18' title="bbox 416 2833 1806 2959; baseline 0.009 -40"><span class='ocrx_word' id='word_1_138' title='bbox 416 2860 496 2923; x_wconf 86' lang='lat' dir='ltr'>tem</span> <span class='ocrx_word' id='word_1_139' title='bbox 513 2834 731 2924; x_wconf 77' lang='lat' dir='ltr'>dcit&#39;Art.</span> <span class='ocrx_word' id='word_1_140' title='bbox 761 2833 781 2921; x_wconf 87' lang='grc' dir='ltr'><strong>Ι</strong></span> <span class='ocrx_word' id='word_1_141' title='bbox 792 2834 843 2923; x_wconf 89' lang='lat' dir='ltr'>II</span> <span class='ocrx_word' id='word_1_142' title='bbox 855 2901 868 2939; x_wconf 96' lang='lat'>,</span> <span class='ocrx_word' id='word_1_143' title='bbox 898 2842 947 2923; x_wconf 85' lang='lat' dir='ltr'>In</span> <span class='ocrx_word' id='word_1_144' title='bbox 969 2841 1127 2953; x_wconf 78' lang='lat' dir='ltr'>qualibet</span> <span class='ocrx_word' id='word_1_145' title='bbox 1151 2876 1290 2938; x_wconf 75' lang='lat' dir='ltr'>curva,</span> <span class='ocrx_word' id='word_1_146' title='bbox 1326 2851 1417 2929; x_wconf 78' lang='lat' dir='ltr'>dm</span> <span class='ocrx_word' id='word_1_147' title='bbox 1442 2850 1604 2959; x_wconf 67' lang='lat' dir='ltr'>portione</span> <span class='ocrx_word' id='word_1_148' title='bbox 1633 2844 1806 2952; x_wconf 78' lang='lat' dir='ltr'>ejuſsalem,</span> 
     </span>
     <span class='ocr_line' id='line_1_19' title="bbox 415 2956 1807 3071; baseline 0.002 -33"><span class='ocrx_word' id='word_1_149' title='bbox 415 2961 526 3040; x_wconf 72' lang='lat' dir='ltr'>aliam</span> <span class='ocrx_word' id='word_1_150' title='bbox 536 2957 678 3067; x_wconf 81' lang='lat' dir='ltr'>semper</span> <span class='ocrx_word' id='word_1_151' title='bbox 705 2958 922 3065; x_wconf 78' lang='lat' dir='ltr'>affigmdi,</span> <span class='ocrx_word' id='word_1_152' title='bbox 949 2987 1022 3068; x_wconf 73' lang='lat' dir='ltr'>que</span> <span class='ocrx_word' id='word_1_153' title='bbox 1046 2962 1172 3040; x_wconf 70' lang='lat' dir='ltr'>darant</span> <span class='ocrx_word' id='word_1_154' title='bbox 1198 2974 1374 3045; x_wconf 77' lang='lat' dir='ltr'>rationem</span> <span class='ocrx_word' id='word_1_155' title='bbox 1399 2968 1454 3046; x_wconf 80' lang='lat' dir='ltr'>ad</span> <span class='ocrx_word' id='word_1_156' title='bbox 1466 2973 1622 3071; x_wconf 81' lang='lat' dir='ltr'>priorem</span> <span class='ocrx_word' id='word_1_157' title='bbox 1661 2956 1807 3041; x_wconf 77' lang='lat' dir='ltr'>obtinet.</span> 
     </span>
    </p>
   </div>
   <div class='ocr_carea' id='block_1_5' title="bbox 256 3066 1806 3193">
    <p class='ocr_par' dir='ltr' id='par_1_5' title="bbox 256 3066 1806 3193">
     <span class='ocr_line' id='line_1_20' title="bbox 256 3066 1806 3193; baseline -0.001 -36"><span class='ocrx_word' id='word_1_158' title='bbox 256 3173 257 3193; x_wconf 21' lang='grc' dir='ltr'><strong><em>Ν</em></strong></span> <span class='ocrx_word' id='word_1_159' title='bbox 417 3070 530 3181; x_wconf 90' lang='lat' dir='ltr'>Quin</span> <span class='ocrx_word' id='word_1_160' title='bbox 558 3076 641 3157; x_wconf 91' lang='lat' dir='ltr'>imo</span> <span class='ocrx_word' id='word_1_161' title='bbox 670 3098 800 3155; x_wconf 93' lang='lat' dir='ltr'>totum</span> <span class='ocrx_word' id='word_1_162' title='bbox 827 3066 1203 3157; x_wconf 87' lang='lat' dir='ltr'>Mathematicorum</span> <span class='ocrx_word' id='word_1_163' title='bbox 1233 3076 1392 3161; x_wconf 87' lang='lat' dir='ltr'>Orbem</span> <span class='ocrx_word' id='word_1_164' title='bbox 1416 3078 1483 3159; x_wconf 84' lang='lat' dir='ltr'>fibi</span> <span class='ocrx_word' id='word_1_165' title='bbox 1506 3076 1739 3184; x_wconf 87' lang='lat' dir='ltr'>obstringet,</span> <span class='ocrx_word' id='word_1_166' title='bbox 1765 3076 1806 3155; x_wconf 82' lang='lat' dir='ltr'>dt</span> 
     </span>
    </p>
   </div>
   <div class='ocr_carea' id='block_1_6' title="bbox 412 3184 1809 3420">
    <p class='ocr_par' dir='ltr' id='par_1_6' title="bbox 412 3184 1809 3420">
     <span class='ocr_line' id='line_1_21' title="bbox 414 3184 1809 3301; baseline -0.004 -28"><span class='ocrx_word' id='word_1_167' title='bbox 414 3217 592 3275; x_wconf 81' lang='lat' dir='ltr'>aternam</span> <span class='ocrx_word' id='word_1_168' title='bbox 613 3188 769 3275; x_wconf 85' lang='lat' dir='ltr'>laudem</span> <span class='ocrx_word' id='word_1_169' title='bbox 795 3188 1026 3280; x_wconf 70' lang='lat' dir='ltr'>merebiturt</span> <span class='ocrx_word' id='word_1_170' title='bbox 1055 3188 1083 3273; x_wconf 85' lang='lat' dir='ltr'>fi</span> <span class='ocrx_word' id='word_1_171' title='bbox 1112 3188 1222 3273; x_wconf 90' lang='lat' dir='ltr'>dabit</span> <span class='ocrx_word' id='word_1_172' title='bbox 1245 3192 1613 3279; x_wconf 87' lang='lat' dir='ltr'>demonstrationem</span> <span class='ocrx_word' id='word_1_173' title='bbox 1635 3184 1809 3301; x_wconf 88' lang='lat' dir='ltr'>specimi-</span> 
     </span>
     <span class='ocr_line' id='line_1_22' title="bbox 412 3300 1807 3420; baseline -0.002 -29"><span class='ocrx_word' id='word_1_174' title='bbox 412 3312 495 3407; x_wconf 87' lang='lat' dir='ltr'>nis,</span> <span class='ocrx_word' id='word_1_175' title='bbox 525 3306 636 3419; x_wconf 92' lang='lat' dir='ltr'>quod</span> <span class='ocrx_word' id='word_1_176' title='bbox 658 3305 807 3390; x_wconf 90' lang='lat' dir='ltr'>ibidem</span> <span class='ocrx_word' id='word_1_177' title='bbox 830 3304 1029 3403; x_wconf 88' lang='lat' dir='ltr'>exhibuit,</span> <span class='ocrx_word' id='word_1_178' title='bbox 1059 3333 1132 3417; x_wconf 86' lang='lat' dir='ltr'>pto</span> <span class='ocrx_word' id='word_1_179' title='bbox 1162 3304 1386 3420; x_wconf 78' lang='lat' dir='ltr'>assignandis</span> <span class='ocrx_word' id='word_1_180' title='bbox 1409 3310 1449 3391; x_wconf 92' lang='lat' dir='ltr'>in</span> <span class='ocrx_word' id='word_1_181' title='bbox 1468 3335 1584 3391; x_wconf 86' lang='lat' dir='ltr'>curva</span> <span class='ocrx_word' id='word_1_182' title='bbox 1614 3300 1807 3419; x_wconf 89' lang='lat' dir='ltr'>paraboli-</span> 
     </span>
    </p>
   </div>
   <div class='ocr_carea' id='block_1_7' title="bbox 255 3417 1809 3654">
    <p class='ocr_par' dir='ltr' id='par_1_7' title="bbox 255 3417 1809 3654">
     <span class='ocr_line' id='line_1_23' title="bbox 255 3417 1809 3536; baseline -0.003 -28"><span class='ocrx_word' id='word_1_183' title='bbox 255 3502 257 3522; x_wconf 86' lang='grc'>,</span> <span class='ocrx_word' id='word_1_184' title='bbox 413 3451 458 3507; x_wconf 80' lang='lat' dir='ltr'>ca</span> <span class='ocrx_word' id='word_1_185' title='bbox 479 3424 724 3536; x_wconf 82' lang='lat' dir='ltr'>portionibus</span> <span class='ocrx_word' id='word_1_186' title='bbox 752 3426 792 3505; x_wconf 93' lang='lat' dir='ltr'>in</span> <span class='ocrx_word' id='word_1_187' title='bbox 814 3421 906 3505; x_wconf 90' lang='lat' dir='ltr'>data</span> <span class='ocrx_word' id='word_1_188' title='bbox 924 3423 1088 3507; x_wconf 73' lang='lat' dir='ltr'>tadone.</span> <span class='ocrx_word' id='word_1_189' title='bbox 1118 3417 1253 3507; x_wconf 89' lang='lat' dir='ltr'>Miror</span> <span class='ocrx_word' id='word_1_190' title='bbox 1282 3417 1428 3509; x_wconf 86' lang='lat' dir='ltr'>Celeb.</span> <span class='ocrx_word' id='word_1_191' title='bbox 1460 3420 1677 3510; x_wconf 74' lang='lat' dir='ltr'>Audiorem</span> <span class='ocrx_word' id='word_1_192' title='bbox 1691 3462 1710 3521; x_wconf 93' lang='lat'>,·</span> <span class='ocrx_word' id='word_1_193' title='bbox 1736 3448 1809 3533; x_wconf 92' lang='lat' dir='ltr'>pro</span> 
     </span>
     <span class='ocr_line' id='line_1_24' title="bbox 257 3534 1809 3654; baseline -0.002 -29"><span class='ocrx_word' id='word_1_194' title='bbox 257 3570 258 3585; x_wconf 52' lang='lat'>¹</span> <span class='ocrx_word' id='word_1_195' title='bbox 411 3538 656 3653; x_wconf 87' lang='lat' dir='ltr'>perspicacite</span> <span class='ocrx_word' id='word_1_196' title='bbox 685 3534 770 3638; x_wconf 85' lang='lat' dir='ltr'>lua,</span> <span class='ocrx_word' id='word_1_197' title='bbox 801 3562 884 3625; x_wconf 91' lang='lat' dir='ltr'>non</span> <span class='ocrx_word' id='word_1_198' title='bbox 907 3537 1242 3638; x_wconf 80' lang='lat' dir='ltr'>animadvertilse,</span> <span class='ocrx_word' id='word_1_199' title='bbox 1274 3540 1386 3654; x_wconf 90' lang='lat' dir='ltr'>quod</span> <span class='ocrx_word' id='word_1_200' title='bbox 1408 3542 1486 3625; x_wconf 93' lang='lat' dir='ltr'>hoc</span> <span class='ocrx_word' id='word_1_201' title='bbox 1508 3535 1699 3652; x_wconf 88' lang='lat' dir='ltr'>specimen</span> <span class='ocrx_word' id='word_1_202' title='bbox 1720 3538 1809 3623; x_wconf 91' lang='lat' dir='ltr'>lon·</span> 
     </span>
    </p>
   </div>
   <div class='ocr_carea' id='block_1_8' title="bbox 255 3650 1811 4826">
    <p class='ocr_par' dir='ltr' id='par_1_8' title="bbox 255 3650 1811 4826">
     <span class='ocr_line' id='line_1_25' title="bbox 255 3650 1809 3853; baseline -0.006 -109"><span class='ocrx_word' id='word_1_203' title='bbox 255 3691 256 3702; x_wconf 48' lang='lat'>¹</span> <span class='ocrx_word' id='word_1_204' title='bbox 414 3686 463 3771; x_wconf 85' lang='lat' dir='ltr'>ge</span> <span class='ocrx_word' id='word_1_205' title='bbox 486 3661 570 3770; x_wconf 84' lang='lat' dir='ltr'>plus</span> <span class='ocrx_word' id='word_1_206' title='bbox 591 3661 631 3743; x_wconf 90' lang='lat' dir='ltr'>in</span> <span class='ocrx_word' id='word_1_207' title='bbox 650 3650 793 3741; x_wconf 82' lang='lat' dir='ltr'>recellu</span> <span class='ocrx_word' id='word_1_208' title='bbox 817 3654 963 3741; x_wconf 85' lang='lat' dir='ltr'>habeat</span> <span class='ocrx_word' id='word_1_209' title='bbox 983 3682 1102 3853; x_wconf 73' lang='lat' dir='ltr'>quam</span> <span class='ocrx_word' id='word_1_210' title='bbox 1114 3679 1283 3769; x_wconf 85' lang='lat' dir='ltr'>apparet.</span> <span class='ocrx_word' id='word_1_211' title='bbox 1297 3652 1387 3743; x_wconf 86' lang='lat' dir='ltr'>Det</span> <span class='ocrx_word' id='word_1_212' title='bbox 1408 3661 1512 3743; x_wconf 92' lang='lat' dir='ltr'>enim</span> <span class='ocrx_word' id='word_1_213' title='bbox 1531 3656 1625 3739; x_wconf 92' lang='lat' dir='ltr'>mihi</span> <span class='ocrx_word' id='word_1_214' title='bbox 1645 3654 1809 3737; x_wconf 88' lang='lat' dir='ltr'>demon·</span> 
     </span>
     <span class='ocr_line' id='line_1_26' title="bbox 416 3752 1811 3887; baseline -0.005 -27"><span class='ocrx_word' id='word_1_215' title='bbox 416 3779 636 3865; x_wconf 87' lang='lat' dir='ltr'>strationem</span> <span class='ocrx_word' id='word_1_216' title='bbox 662 3774 952 3859; x_wconf 70' lang='lat' dir='ltr'>constructionis</span> <span class='ocrx_word' id='word_1_217' title='bbox 997 3802 1079 3864; x_wconf 77' lang='lat' dir='ltr'>uaea</span> <span class='ocrx_word' id='word_1_218' title='bbox 1123 3780 1163 3857; x_wconf 78' lang='grc' dir='ltr'>δι</span> <span class='ocrx_word' id='word_1_219' title='bbox 1190 3752 1268 3887; x_wconf 81' lang='lat' dir='ltr'>dgo</span> <span class='ocrx_word' id='word_1_220' title='bbox 1302 3774 1371 3887; x_wconf 87' lang='lat' dir='ltr'>ipsr</span> <span class='ocrx_word' id='word_1_221' title='bbox 1398 3774 1504 3859; x_wconf 84' lang='lat' dir='ltr'>dabo</span> <span class='ocrx_word' id='word_1_222' title='bbox 1540 3768 1811 3882; x_wconf 87' lang='lat' dir='ltr'>quadraturam</span> 
     </span>
     <span class='ocr_line' id='line_1_27' title="bbox 415 3886 1807 4007; baseline -0.006 -30"><span class='ocrx_word' id='word_1_223' title='bbox 415 3892 660 4007; x_wconf 72' lang='lat' dir='ltr'>hyperbolae,</span> <span class='ocrx_word' id='word_1_224' title='bbox 691 3896 732 3975; x_wconf 80' lang='lat' dir='ltr'>dc</span> <span class='ocrx_word' id='word_1_225' title='bbox 771 3890 919 4002; x_wconf 90' lang='lat' dir='ltr'>poinde</span> <span class='ocrx_word' id='word_1_226' title='bbox 953 3888 1268 3976; x_wconf 67' lang='lat' dir='ltr'>redificationem</span> <span class='ocrx_word' id='word_1_227' title='bbox 1302 3920 1426 3975; x_wconf 88' lang='lat' dir='ltr'>curvae</span> <span class='ocrx_word' id='word_1_228' title='bbox 1458 3886 1685 4003; x_wconf 76' lang='lat' dir='ltr'>parabolica</span> <span class='ocrx_word' id='word_1_229' title='bbox 1737 3910 1807 3969; x_wconf 87' lang='lat' dir='ltr'>eo-</span> 
     </span>
     <span class='ocr_line' id='line_1_28' title="bbox 416 4004 1811 4122; baseline -0.004 -29"><span class='ocrx_word' id='word_1_230' title='bbox 416 4012 635 4112; x_wconf 83' lang='lat' dir='ltr'>metrieam,</span> <span class='ocrx_word' id='word_1_231' title='bbox 666 4009 707 4093; x_wconf 95' lang='lat' dir='ltr'>in</span> <span class='ocrx_word' id='word_1_232' title='bbox 729 4036 807 4121; x_wconf 91' lang='lat' dir='ltr'>qua</span> <span class='ocrx_word' id='word_1_233' title='bbox 824 4006 1045 4119; x_wconf 85' lang='lat' dir='ltr'>indaganda</span> <span class='ocrx_word' id='word_1_234' title='bbox 1075 4036 1235 4109; x_wconf 85' lang='lat' dir='ltr'>omnes,</span> <span class='ocrx_word' id='word_1_235' title='bbox 1267 4030 1467 4122; x_wconf 89' lang='lat' dir='ltr'>quotquot</span> <span class='ocrx_word' id='word_1_236' title='bbox 1485 4004 1692 4093; x_wconf 84' lang='lat' dir='ltr'>extiterunt</span> <span class='ocrx_word' id='word_1_237' title='bbox 1768 4028 1811 4087; x_wconf 81' lang='lat' dir='ltr'>a·</span> 
     </span>
     <span class='ocr_line' id='line_1_29' title="bbox 416 4118 1760 4226; baseline -0.001 -18"><span class='ocrx_word' id='word_1_238' title='bbox 416 4128 636 4226; x_wconf 81' lang='lat' dir='ltr'>thematici,</span> <span class='ocrx_word' id='word_1_239' title='bbox 666 4127 847 4213; x_wconf 66' lang='lat' dir='ltr'>moerus</span> <span class='ocrx_word' id='word_1_240' title='bbox 871 4120 1003 4207; x_wconf 74' lang='lat' dir='ltr'>flustra</span> <span class='ocrx_word' id='word_1_241' title='bbox 1023 4118 1265 4209; x_wconf 88' lang='lat' dir='ltr'>desudarunt.</span> <span class='ocrx_word' id='word_1_242' title='bbox 1754 4130 1760 4145; x_wconf 88' lang='lat'>&#39;</span> 
     </span>
     <span class='ocr_line' id='line_1_30' title="bbox 474 4232 1807 4358; baseline -0.008 -29"><span class='ocrx_word' id='word_1_243' title='bbox 474 4239 653 4343; x_wconf 72' lang='lat' dir='ltr'>Cetera,</span> <span class='ocrx_word' id='word_1_244' title='bbox 682 4272 768 4358; x_wconf 79' lang='lat' dir='ltr'>quae</span> <span class='ocrx_word' id='word_1_245' title='bbox 793 4237 912 4330; x_wconf 91' lang='lat' dir='ltr'>Nob.</span> <span class='ocrx_word' id='word_1_246' title='bbox 940 4235 1472 4331; x_wconf 79' lang='lat' dir='ltr'>TscmRNHAusws</span> <span class='ocrx_word' id='word_1_247' title='bbox 1493 4240 1532 4322; x_wconf 94' lang='lat' dir='ltr'>in</span> <span class='ocrx_word' id='word_1_248' title='bbox 1559 4236 1664 4321; x_wconf 75' lang='lat' dir='ltr'>dieto</span> <span class='ocrx_word' id='word_1_249' title='bbox 1690 4232 1807 4320; x_wconf 82' lang='lat' dir='ltr'>Sche-</span> 
     </span>
     <span class='ocr_line' id='line_1_31' title="bbox 414 4348 1809 4474; baseline -0.009 -30"><span class='ocrx_word' id='word_1_250' title='bbox 414 4357 596 4448; x_wconf 78' lang='lat' dir='ltr'>diafinate</span> <span class='ocrx_word' id='word_1_251' title='bbox 620 4358 800 4474; x_wconf 86' lang='lat' dir='ltr'>profert,</span> <span class='ocrx_word' id='word_1_252' title='bbox 832 4359 1041 4472; x_wconf 83' lang='lat' dir='ltr'>pereximia</span> <span class='ocrx_word' id='word_1_253' title='bbox 1075 4352 1172 4443; x_wconf 87' lang='lat' dir='ltr'>sunt.</span> <span class='ocrx_word' id='word_1_254' title='bbox 1232 4354 1443 4473; x_wconf 80' lang='lat' dir='ltr'>Praeprimis</span> <span class='ocrx_word' id='word_1_255' title='bbox 1476 4348 1567 4440; x_wconf 81' lang='lat' dir='ltr'>Art.</span> <span class='ocrx_word' id='word_1_256' title='bbox 1607 4348 1640 4436; x_wconf 88' lang='lat' dir='ltr'>l.</span> <span class='ocrx_word' id='word_1_257' title='bbox 1672 4373 1809 4436; x_wconf 87' lang='lat' dir='ltr'>notatu</span> 
     </span>
     <span class='ocr_line' id='line_1_32' title="bbox 415 4467 1809 4594; baseline -0.007 -33"><span class='ocrx_word' id='word_1_258' title='bbox 415 4476 624 4594; x_wconf 81' lang='lat' dir='ltr'>dignillima</span> <span class='ocrx_word' id='word_1_259' title='bbox 650 4481 706 4565; x_wconf 87' lang='lat' dir='ltr'>ell</span> <span class='ocrx_word' id='word_1_260' title='bbox 729 4477 905 4563; x_wconf 74' lang='lat' dir='ltr'>redudlio</span> <span class='ocrx_word' id='word_1_261' title='bbox 934 4470 1122 4562; x_wconf 69' lang='lat' dir='ltr'>senorum</span> <span class='ocrx_word' id='word_1_262' title='bbox 1142 4478 1399 4589; x_wconf 89' lang='lat' dir='ltr'>ellipticorum</span> <span class='ocrx_word' id='word_1_263' title='bbox 1426 4472 1478 4557; x_wconf 87' lang='lat' dir='ltr'>ad</span> <span class='ocrx_word' id='word_1_264' title='bbox 1499 4467 1660 4557; x_wconf 70' lang='lat' dir='ltr'>sectores</span> <span class='ocrx_word' id='word_1_265' title='bbox 1688 4468 1809 4551; x_wconf 87' lang='lat' dir='ltr'>circu·</span> 
     </span>
     <span class='ocr_line' id='line_1_33' title="bbox 413 4584 1809 4709; baseline -0.008 -30"><span class='ocrx_word' id='word_1_266' title='bbox 413 4596 532 4686; x_wconf 74' lang='lat' dir='ltr'>latest</span> <span class='ocrx_word' id='word_1_267' title='bbox 559 4622 695 4709; x_wconf 84' lang='lat' dir='ltr'>exqua</span> <span class='ocrx_word' id='word_1_268' title='bbox 708 4592 918 4680; x_wconf 89' lang='lat' dir='ltr'>commode</span> <span class='ocrx_word' id='word_1_269' title='bbox 935 4590 1095 4677; x_wconf 85' lang='lat' dir='ltr'>deducit</span> <span class='ocrx_word' id='word_1_270' title='bbox 1112 4592 1340 4680; x_wconf 84' lang='lat' dir='ltr'>divifionem</span> <span class='ocrx_word' id='word_1_271' title='bbox 1349 4586 1458 4705; x_wconf 85' lang='lat' dir='ltr'>spatii</span> <span class='ocrx_word' id='word_1_272' title='bbox 1480 4586 1639 4699; x_wconf 87' lang='lat' dir='ltr'>elliptici</span> <span class='ocrx_word' id='word_1_273' title='bbox 1667 4584 1708 4669; x_wconf 92' lang='lat' dir='ltr'>in</span> <span class='ocrx_word' id='word_1_274' title='bbox 1723 4608 1809 4697; x_wconf 90' lang='lat' dir='ltr'>par·</span> 
     </span>
     <span class='ocr_line' id='line_1_34' title="bbox 412 4701 1799 4826; baseline -0.005 -31"><span class='ocrx_word' id='word_1_275' title='bbox 412 4740 471 4796; x_wconf 86' lang='lat' dir='ltr'>res</span> <span class='ocrx_word' id='word_1_276' title='bbox 495 4714 695 4826; x_wconf 74' lang='lat' dir='ltr'>:equalest</span> <span class='ocrx_word' id='word_1_277' title='bbox 728 4714 904 4826; x_wconf 82' lang='lat' dir='ltr'>quamvis</span> <span class='ocrx_word' id='word_1_278' title='bbox 926 4712 1021 4795; x_wconf 78' lang='lat' dir='ltr'>&#39;alias</span> <span class='ocrx_word' id='word_1_279' title='bbox 1044 4701 1163 4793; x_wconf 79' lang='lat' dir='ltr'>sec‘lor</span> <span class='ocrx_word' id='word_1_280' title='bbox 1187 4712 1400 4824; x_wconf 84' lang='lat' dir='ltr'>ellipticus,</span> <span class='ocrx_word' id='word_1_281' title='bbox 1433 4712 1473 4789; x_wconf 75' lang='grc' dir='ltr'>δι</span> <span class='ocrx_word' id='word_1_282' title='bbox 1501 4702 1799 4817; x_wconf 82' lang='lat' dir='ltr'>hyperbolicut,</span> 
     </span>
    </p>
   </div>
   <div class='ocr_carea' id='block_1_9' title="bbox 255 4814 1812 4929">
    <p class='ocr_par' dir='ltr' id='par_1_9' title="bbox 255 4814 1812 4929">
     <span class='ocr_line' id='line_1_35' title="bbox 255 4814 1812 4929; baseline -0.006 -15"><span class='ocrx_word' id='word_1_283' title='bbox 255 4873 256 4877; x_wconf 12' lang='grc' dir='ltr'><strong><em>κ</em></strong></span> <span class='ocrx_word' id='word_1_284' title='bbox 414 4828 716 4919; x_wconf 86' lang='lat' dir='ltr'>commodilhme</span> <span class='ocrx_word' id='word_1_285' title='bbox 735 4826 912 4915; x_wconf 71' lang='lat' dir='ltr'>bilariam</span> <span class='ocrx_word' id='word_1_286' title='bbox 930 4825 1149 4929; x_wconf 83' lang='lat' dir='ltr'>dividatur,</span> <span class='ocrx_word' id='word_1_287' title='bbox 1179 4823 1388 4914; x_wconf 85' lang='lat' dir='ltr'>biseeando</span> <span class='ocrx_word' id='word_1_288' title='bbox 1419 4846 1568 4907; x_wconf 91' lang='lat' dir='ltr'>tantum</span> <span class='ocrx_word' id='word_1_289' title='bbox 1599 4814 1812 4909; x_wconf 88' lang='lat' dir='ltr'>subtenlam</span> 
     </span>
    </p>
   </div>
   <div class='ocr_carea' id='block_1_10' title="bbox 409 4934 1811 5152">
    <p class='ocr_par' dir='ltr' id='par_1_10' title="bbox 409 4934 1811 5152">
     <span class='ocr_line' id='line_1_36' title="bbox 409 4934 1810 5141; baseline -0.009 -108"><span class='ocrx_word' id='word_1_290' title='bbox 409 4972 520 5035; x_wconf 82' lang='lat' dir='ltr'>arcus</span> <span class='ocrx_word' id='word_1_291' title='bbox 544 4940 696 5040; x_wconf 69' lang='lat' dir='ltr'>sectoris</span> <span class='ocrx_word' id='word_1_292' title='bbox 728 4976 797 5064; x_wconf 85' lang='lat' dir='ltr'>per</span> <span class='ocrx_word' id='word_1_293' title='bbox 827 4952 1011 5037; x_wconf 68' lang='lat' dir='ltr'>rectane</span> <span class='ocrx_word' id='word_1_294' title='bbox 1037 4968 1171 5037; x_wconf 84' lang='lat' dir='ltr'>centro</span> <span class='ocrx_word' id='word_1_295' title='bbox 1200 4944 1391 5056; x_wconf 71' lang='lat' dir='ltr'>tdudaut,</span> <span class='ocrx_word' id='word_1_296' title='bbox 1422 4934 1611 5035; x_wconf 83' lang='lat' dir='ltr'>observo</span> <span class='ocrx_word' id='word_1_297' title='bbox 1636 4934 1791 5141; x_wconf 60' lang='lat' dir='ltr'>inlppenr1</span> <span class='ocrx_word' id='word_1_298' title='bbox 1794 4990 1810 5035; x_wconf 90' lang='lat'>,</span> 
     </span>
     <span class='ocr_line' id='line_1_37' title="bbox 1641 5084 1811 5152; baseline 0 -9"><span class='ocrx_word' id='word_1_299' title='bbox 1641 5084 1690 5143; x_wconf 88' lang='lat' dir='ltr'>co</span> <span class='ocrx_word' id='word_1_300' title='bbox 1791 5096 1811 5152; x_wconf 77' lang='lat'>·,</span> 
     </span>
    </p>
   </div>
   <div class='ocr_carea' id='block_1_11' title="bbox 0 0 2754 6884">
    <p class='ocr_par' dir='ltr' id='par_1_11' title="bbox 0 0 2754 6884">
     <span class='ocr_line' id='line_1_38' title="bbox 0 0 2754 6884; baseline 0 3"><span class='ocrx_word' id='word_1_301' title='bbox 0 0 2754 6884; x_wconf 95' lang='lat' dir='ltr'> </span> 
     </span>
    </p>
   </div>
  </div>
 </body>
</html>
