5500 6884
523 789 857 898 utrcxtv.
917 789 1565 886 Morusnsrvoarus.
1685 831 1768 911 411

372 961 502 1045 bentis
542 959 694 1041 tertiam
725 957 892 1068 aliquam
929 979 1107 1046 curvams
1131 947 1263 1068 qua,
1308 957 1579 1072 fialgebraica
1623 961 1689 1064 fit,
1729 986 1775 1052 ut

374 1083 416 1160 δι
442 1103 517 1158 una
542 1103 590 1158 ex
613 1073 805 1170 evolutis,
829 1073 945 1156 altera
970 1073 1085 1156 etiam
1105 1069 1310 1156 necessario
1329 1077 1667 1190 erit'algebraica,
1691 1109 1776 1166 non

375 1195 501 1278 minus
531 1217 649 1303 quam
688 1184 764 1300 ipsa
793 1191 909 1273 etiam
940 1190 1232 1274 coevolutarum
1264 1189 1477 1276 differentia
1524 1189 1669 1305 semper
1707 1225 1776 1308 per

377 1313 497 1394 lineas
525 1313 642 1392 rectas
674 1303 889 1418 algebra'sce
910 1304 1220 1389 determinabiles
1251 1307 1389 1390 existit.
1449 1305 1509 1394 Ex
1527 1341 1608 1423 quo
1639 1316 1776 1423 praevi.

379 1423 437 1510 dit
466 1423 617 1528 Illustris
647 1413 1007 1520 LEIBNITIUS,
1038 1422 1263 1506 coevolutas
1292 1420 1399 1534 posse
1429 1423 1511 1509 sieri
1533 1427 1778 1541 longitudine

380 1543 578 1655 aquales,
610 1534 859 1625 evanescente
899 1533 1040 1622 scilicet
1080 1539 1146 1622 illa
1185 1537 1434 1632 differentias
1478 1543 1691 1658 adeoque,
1734 1567 1779 1630 ut

377 1687 504 1742 curva
535 1657 631 1740 dam
663 1655 886 1769 algebrai'cae
908 1657 1125 1739 inveniatur
1158 1655 1231 1738 alia
1262 1657 1476 1767 algebraica
1507 1663 1687 1774 aequalis,
1718 1661 1781 1744 ni-

381 1777 436 1858 hil
468 1773 573 1858 aliud
601 1771 819 1857 faciendum
842 1767 942 1870 esse,
974 1797 1092 1884 quam
1123 1795 1166 1855 ut
1195 1767 1395 1856 assumatur
1424 1803 1496 1885 pro
1527 1778 1686 1861 arbitrio
1705 1779 1775 1860 ali·

381 1921 459 2006 qua
498 1917 613 1974 curva
650 1888 869 2003 algebraica
909 1882 1110 1998 [specifice
1146 1911 1275 1972 tamen
1309 1887 1562 1975 determinata
1591 1899 1632 1976 &
1662 1892 1772 1978 debi-

381 2033 422 2093 te
452 2010 702 2106 collocata,]
733 2033 818 2120 quae
856 2005 1002 2116 praestet
1040 1997 1180 2114 speculi
1210 2005 1360 2102 vicem,
1391 2005 1435 2088 id
1464 2011 1542 2106 est,
1567 2031 1652 2124 quae
1691 2027 1775 2092 tan·

381 2151 517 2239 gentes
550 2150 675 2206 curvae
706 2119 824 2220 datae,
857 2146 1040 2233 tanquam
1070 2118 1199 2202 radios
1241 2119 1482 2223 incidentes,
1528 2119 1597 2208 sub
1636 2125 1781 2238 angulo

382 2243 520 2355 :equali
547 2242 740 2337 rellefiat,
774 2246 814 2323 δι
843 2266 910 2351 per
932 2263 1067 2320 eorum
1095 2227 1402 2335 interfectiones,
1426 2241 1671 2324 causticarum
1693 2269 1783 2324 mo·

383 2387 449 2458 re,
481 2359 622 2442 formet
651 2382 794 2439 novam
826 2381 982 2439 curvam
1012 2352 1292 2466 algebrai'cam:
1323 2354 1404 2437 lraec
1432 2358 1562 2456 enim,
1593 2384 1682 2440 curn
1710 2354 1783 2440 da·

384 2501 426 2559 ta
450 2500 589 2572 curva,
614 2471 728 2556 saciet
749 2465 842 2556 duas
869 2471 1097 2562 coevolutas
1126 2497 1197 2582 pro
1221 2465 1377 2553 assumta
1399 2471 1466 2556 illa
1490 2473 1685 2556 arbitraria
1714 2501 1784 2584 per

385 2591 494 2678 filum
524 2585 785 2676 describenda.
845 2583 907 2688 Et
928 2589 1019 2701 quia
1049 2585 1099 2672 de
1122 2580 1207 2668 casu
1232 2609 1381 2670 tantum
1410 2581 1563 2699 speciali
1588 2591 1629 2671 in
1657 2589 1786 2674 calcu-

385 2711 435 2797 lo⁴
449 2710 594 2824 agitur,
622 2733 664 2791 ut
691 2709 869 2790 nimirum
899 2703 1192 2816 coevolutarum
1211 2700 1426 2800 differentia
1446 2704 1491 2788 fit
1513 2706 1643 2796 nullas
1675 2705 1788 2792 debi-

387 2851 434 2913 to
461 2825 584 2911 modo
604 2821 784 2910 assumere
810 2822 943 2930 jubet,
973 2821 1051 2904 five
1073 2815 1271 2931 speciem,
1295 2819 1372 2905 five
1403 2844 1682 2933 parametrum,
1706 2821 1787 2910 five

387 2943 522 3042 fitum,
547 2941 624 3025 five
652 2940 758 3023 aliud
777 2938 874 3053 quid
896 2964 1019 3023 curva:
1038 2935 1272 3035 arbitraria,
1301 2965 1407 3049 quo,
1432 2940 1472 3020 in
1501 2937 1700 3051 propofito
1720 2962 1787 3022 ca.-

389 3055 452 3160 su‚
486 3062 551 3144 illa
576 3054 790 3141 differentia
823 3049 1056 3155 evanescat,
1086 3077 1205 3167 atque
1232 3051 1334 3138 adeo
1358 3052 1456 3138 data
1486 3055 1652 3140 evolutae
1673 3055 1786 3142 inve·

390 3180 514 3263 niatur
540 3177 657 3260 altera
685 3171 853 3286 aqualis.

449 3307 701 3422 Ampliorem
726 3307 808 3413 ejus
829 3303 885 3388 rei
922 3299 1219 3415 explicationem
1250 3327 1332 3384 non
1368 3299 1500 3392 dabo;
1522 3323 1546 3380 a
1566 3301 1723 3387 nemine
1742 3331 1786 3390 e.

385 3431 473 3516 uim
500 3454 572 3540 pro
606 3421 791 3538 dignitate
814 3416 876 3505 sua
910 3421 1045 3504 melius
1073 3416 1314 3518 tractabitur,
1343 3445 1460 3531 quam
1486 3419 1536 3503 ab
1563 3413 1646 3530 ipso
1679 3421 1790 3505 incli-

394 3573 440 3634 to
466 3543 593 3641 Viro,
618 3539 782 3652 proinde
813 3538 1028 3623 humaniter
1049 3532 1251 3649 rogando,
1277 3555 1320 3618 ut
1348 3537 1616 3620 communium
1641 3537 1796 3624 studio‘

396 3693 481 3751 rum
509 3662 621 3744 bono
664 3663 703 3770 ἀ
734 3657 974 3741 incremento
1004 3651 1234 3737 methodum
1261 3645 1391 3752 suam,
1423 3653 1605 3738 maenus
1639 3653 1789 3739 nonnifi

398 3781 477 3870 levi
494 3775 676 3890 penicillo
698 3771 976 3872 adumbratam,
1000 3768 1204 3885 perficere,
1231 3773 1271 3853 δι
1284 3770 1479 3881 inprimis,
1529 3769 1705 3854 uomodo
1729 3797 1790 3853 at·

397 3897 553 3986 binaria
572 3893 634 3975 illa
648 3917 785 3990 curva,
808 3884 949 4004 speculi
967 3891 1072 3974 vices
1085 3881 1273 3983 subitura,
1296 3884 1371 3969 fine
1386 3799 1551 3996 operoso
1570 3890 1611 3968 δι
1625 3884 1789 3970 molesto

397 4007 573 4109 calculo,
604 4003 776 4122 specifice
799 4005 1088 4093 determinanda
1111 4005 1177 4090 vel
1196 3999 1425 4086 collocanda
1440 3999 1505 4099 fit,
1533 4025 1576 4087 ut
1602 4003 1790 4087 coevolu-

401 4157 525 4220 tarum
545 4124 758 4212 differentia
775 4124 915 4208 evadat
933 4123 1031 4207 data·
1056 4121 1233 4235 aequalis,
1253 4121 1319 4206 vel
1337 4119 1463 4220 nulla,
1479 4112 1792 4236 compendiosam

401 4254 570 4363 aliquam
598 4246 702 4328 viam
731 4241 875 4353 aperire
899 4239 1015 4323 nobis
1043 4236 1233 4352 dignetur.
1833 4231 1838 4240 ’

461 4381 564 4473 Mea
592 4409 692 4468 nunc
722 4381 879 4464 inventa
907 4375 1094 4473 daturus,
1134 4373 1324 4487 praemitto
1361 4365 1657 4471 Geometratum
1681 4391 1793 4460 more

402 4503 609 4594 nonnullas
631 4493 898 4588 Definitiones
915 4498 956 4582 ἃ
983 4485 1190 4582 Postdate.
