5500 6884
973 740 1063 821 440
1121 679 1573 798 ratmunt
1626 696 1855 821 proto
1907 692 2311 787 urrronro

975 868 1053 951 lem
1076 861 1246 971 judicant
1282 864 1391 949 lineae
1420 856 1633 974 Ellipticae,
1664 865 1718 945 est
1741 858 1934 973 ipfisstmus
1957 859 2084 942 minor
2107 885 2155 941 err
2187 854 2363 938 limitibus

975 1010 1081 1069 ame
1105 981 1167 1063 hic
1189 978 1389 1095 alfignatis.
1421 978 1501 1065 Sed
1518 1007 1607 1064 cum
1630 978 1797 1065 illitum
1820 1004 1901 1061 non
1926 977 1995 1059 nist
2020 977 2169 1057 circiter
2189 974 2364 1085 aqualem

976 1100 1186 1197 aestiment,
1217 1100 1352 1183 incerti
1383 1121 1545 1197 tamen,
1577 1122 1736 1197 utrum,
1767 1124 1848 1180 tem
1872 1118 2048 1177 accurate
2078 1086 2300 1189 sumendo,
2328 1088 2364 1172 fit

977 1217 1076 1325 justo
1102 1218 1226 1323 maior
1245 1238 1314 1299 tut
1338 1217 1489 1306 minort
1522 1242 1623 1328 ego,
1652 1216 1707 1299 rei
1724 1205 2149 1298 veritatem-scientifice
2166 1204 2364 1305 assecutus,

980 1332 1130 1417 ostendi
1151 1332 1327 1415 nonnihil
1344 1333 1443 1440 justo
1467 1334 1658 1417 minorem
1681 1328 1769 1416 else.
1950 1394 1956 1402 -
2120 1332 2124 1339 ’

1038 1446 1118 1534 Sed
1137 1448 1217 1532 haec
1240 1448 1290 1533 de
1315 1450 1500 1533 limitibus
1521 1452 1665 1560 primis.
1726 1446 1851 1536 Nunc
1869 1446 2010 1530 limites
2024 1438 2234 1540 secundos,
2251 1441 2367 1525 multo

977 1592 1097 1681 quatu
1119 1566 1231 1677 primi
1255 1568 1582 1678 propinquiores,
1613 1571 1653 1651 &
1676 1568 1812 1679 possea
1831 1565 1967 1648 tertios
1989 1562 2286 1674 propinquiores
2308 1557 2370 1640 ad·

981 1685 1079 1783 buc,
1112 1688 1152 1765 δι
1174 1684 1228 1767 ira
1250 1711 1367 1793 porro
1390 1684 1574 1781 invenio,
1605 1685 1677 1771 hac
1702 1686 1866 1768 ratione.
1927 1678 2047 1791 Finge
2066 1674 2206 1762 scilicet
2222 1702 2367 1759 curram
2427 1693 2429 1752 r

980 1800 1171 1897 nostram,
1196 1802 1324 1911 'prima
1346 1802 1575 1913 operatione
1596 1803 1821 1901 inventam,
1836 1793 1941 1886 GH
1952 1794 2024 1883 lK
2041 1858 2054 1897 ,
2074 1790 2111 1880 st
2129 1790 2246 1907 ipsam
2262 1792 2369 1875 obre·
2427 1795 2429 1802 '

981 1943 1096 2029 pere,
1131 1920 1171 1998 δι
1188 1916 1241 1999 ita
1258 1918 1445 2029 quidem,
1476 1941 1519 2002 ut
1541 1919 1592 2002 ab
1620 1920 1733 2003 Initio
1756 1942 1892 2003 vertex
1914 1911 2153 2029 gibbositatis
2180 1907 2233 1997 G‘
2249 1930 2368 2019 tangat

981 2034 1169 2117 verticem
1190 2033 1476 2145 compreslitatit
1501 2031 1576 2134 O,
1593 2038 1687 2120 boc
1708 2038 1791 2135 est,
1820 2060 1866 2118 ut
1887 2036 1989 2117 resia
2013 2028 2226 2143 longilsnna
2253 2022 2367 2123 GC,

982 2150 1024 2233 in
1044 2172 1159 2234 curva
1180 2150 1345 2251 mobili,
1376 2151 1550 2236 cadat-in
1568 2154 1753 2237 ditebium
1774 2180 1862 2237 cum
1887 2176 2004 2233 curva
2020 2144 2234 2231 brevissrma
2251 2138 2369 2258 OC,

983 2268 1024 2349 in
1047 2294 1164 2351 curva
1186 2266 1404 2359 immobili;
1436 2270 1550 2379 plane
1577 2294 1620 2352 ut
1646 2268 1784 2353 fastum
1808 2272 1864 2353 est
1889 2270 1928 2351 in
1952 2260 2030 2377 ipsa
2052 2261 2207 2375 Ellipst,
2241 2264 2307 2345 ubi
2327 2260 2369 2341 ab

984 2384 1098 2466 initio
1122 2385 1286 2485 vertices
1309 2386 1506 2497 conjugati
1528 2380 1573 2469 A
1591 2390 1631 2469 ἃ
1649 2382 1681 2469 P
1703 2387 1801 2497 [qui
1822 2380 1908 2469 sane
1925 2382 2021 2468 nihil
2037 2382 2144 2465 aliud
2162 2376 2243 2463 sunt
2262 2404 2370 2490 quam
2427 2423 2428 2476 γ

985 2496 1028 2581 id
1050 2498 1161 2610 quod
1187 2498 1243 2580 ibi
1266 2527 1372 2583 voco
1394 2504 1557 2585 vertices
1582 2502 1823 2613 gibbosrtatis
1842 2508 1882 2585 δι
1903 2496 2211 2609 compreffintis]
2235 2490 2274 2579 se
2292 2521 2369 2577 tan·
2427 2545 2428 2564 r

985 2636 1104 2727 gunt,
1131 2619 1172 2697 &
1194 2616 1358 2699 maxima
1382 2618 1617 2731 minimaque
1634 2620 1808 2701 distantia
1832 2614 1876 2704 A
1890 2613 1959 2717 C,
1989 2614 2115 2715 ΡΟ,
2136 2612 2369 2698 indirectum
2427 2611 2429 2632 '

984 2752 1194 2841 ponuntur.
1254 2728 1355 2817 Hoc
1381 2735 1602 2835 intellecto,
1633 2736 1712 2822 levi
1730 2736 1947 2821 attentione
1970 2734 2145 2819 adhibita
2160 2732 2366 2843 percipitur,

985 2841 1154 2935 secundo
1174 2846 1252 2931 hoc
1270 2874 1381 2933 motu
1396 2853 1578 2965 reptitio,
1593 2878 1766 2937 centrum
1781 2847 1823 2937 C
1837 2880 1961 2935 curvae
1979 2850 2150 2949 mobilis,
2169 2848 2236 2933 vel
2254 2845 2368 2962 quod·

985 2964 1045 3047 vis
1067 2962 1173 3047 aliud
1200 2967 1283 3071 ejus
1310 2968 1414 3077 plani
1443 3030 1456 3070 ,
1486 2964 1700 3055 describere
1727 2998 1883 3055 curvam
1914 2997 2059 3055 novam
2086 2964 2369 3080 Osiigibbnm,

987 3078 1066 3165 hoc
1084 3082 1160 3181 est,
1192 3110 1278 3194 quar
1306 3083 1469 3169 habebit
1494 3089 1729 3201 osiogibbos
1761 3090 1952 3174 tantillum
1980 3088 2247 3199 prominentes
2268 3083 2372 3167 alter·

988 3198 1107 3281 natim
1134 3199 1233 3281 inter
1255 3200 1424 3286 totidem
1442 3203 1743 3314 compressurus,
1774 3212 1816 3289 δι
1832 3232 1999 3316 quorum
2024 3205 2190 3287 vertices
2214 3205 2306 3284 odo
2329 3224 2369 3279 a·

989 3314 1153 3427 qualiter
1177 3340 1199 3397 a
1218 3339 1352 3399 centro
1378 3316 1595 3411 distabuntt
1630 3346 1865 3433 curvamque
1883 3316 1999 3432 ipsam
2018 3319 2276 3432 osii-gibbam
2296 3319 2371 3399 lon·

887 3508 895 3515 .
988 3428 1164 3545 gitudine
1193 3427 1349 3543 duplam
1379 3430 1454 3518 csse
1486 3463 1611 3524 curvae
1642 3438 1859 3550 generantis
1890 3436 2187 3550 quadrigibbae,
2217 3438 2273 3517 uti
2299 3435 2371 3516 luc

988 3540 1067 3659 ipsa
1092 3544 1210 3657 dupla
1229 3549 1283 3630 est
1299 3538 1509 3662 Ellipticae‚
1540 3580 1591 3639 ex
1611 3582 1690 3667 qua
1709 3553 1781 3639 fuit
1803 3580 1996 3669 generata.
2055 3549 2250 3638 Attendas
2267 3552 2370 3664 igitm

989 3662 1253 3749 admirabilem
1280 3672 1572 3804 generationem
1592 3673 1726 3755 harum
1750 3700 1974 3756 curvarum:
2004 3666 2181 3782 Ellipsts,
2210 3698 2297 3782 qua
2321 3690 2371 3749 re·
2427 3741 2429 3876 q

988 3773 2371 4017 rmnr„ramnummmmm

989 4008 1068 4099 Sed
1087 4013 1419 4124 quemadmodum
1440 4046 1557 4103 curva
1579 4019 1834 4134 quadrigibba
1855 4024 2012 4135 propius
2035 4021 2085 4105 ad
2104 4020 2374 4104 rotunditatem

990 4130 1121 4247 circuli
1144 4131 1294 4213 accedit
1318 4160 1434 4245 quam
1456 4135 1619 4250 bigibba
1632 4197 1646 4237 ,
1674 4130 1740 4221 seu
1766 4134 1938 4253 Enipfis;
1972 4142 2026 4223 ita
2040 4166 2200 4252 quoque
2219 4135 2373 4249 odigib-
2427 4109 2429 4262 l

988 4247 1040 4335 ba
1073 4273 1189 4363 quam
1221 4247 1504 4361 quadrigibba,
1536 4260 1576 4337 δι
1600 4256 1655 4338 ita
1685 4283 1834 4375 porrot
1865 4256 2027 4342 adinstar
2058 4257 2371 4368 polygonomm,
2427 4323 2428 4384 q

989 4391 1074 4478 qua
1093 4394 1174 4480 quo
1196 4366 1324 4477 plures
1345 4367 1492 4453 habent
1513 4372 1702 4484 angulos,
1734 4402 1785 4461 eo
1808 4377 1928 4487 magis
1952 4374 2095 4457 circulo
2118 4372 2371 4467 alsrmilauturt
2427 4387 2428 4420 ³

991 4504 1132 4593 magno
1161 4508 1291 4569 tamen
1323 4478 1536 4573 discrimine
1563 4490 1713 4574 ratione
1744 4492 2126 4605 appropinquationit
2152 4522 2163 4579 r
2194 4520 2291 4575 nam
2318 4504 2371 4598 ptr

975 4594 1351 4704 multiplicationem
1373 4604 1602 4716 angulorum
1620 4610 1660 4689 in
1678 4604 1915 4721 Polygonis,
1946 4608 2014 4692 diu
2035 4610 2285 4721 multumque
2298 4629 2373 4717 pto·
2427 4629 2428 4642 ¹

992 4704 1207 4795 cedendum
1240 4720 1327 4816 est,
1358 4744 1566 4833 antequam
1605 4726 1849 4835 perveniatur
1885 4724 1939 4807 ad
1975 4727 2116 4811 limites
2147 4753 2169 4807 a
2198 4718 2371 4831 mullo
2427 4695 2428 4738 Ν

948 4906 953 4913 .
991 4814 1083 4913 VA
1097 4842 1131 4911 u
1157 4820 1407 4923 cortun
1444 4841 1703 4964 constitutos,
1732 4836 1801 4936 sed
1828 4870 1951 4933 ctuvae
1980 4844 2116 4933 uolut
2142 4837 2372 4964 multigibbge

2219 4950 2375 5053 incredi-
