5500 6884
957 822 1257 951 anneot.
1273 804 2338 949 meronennazonreomeeeeomm

879 990 883 1001 ’
1034 993 1233 1087 Caeterum
1255 1006 1295 1085 δι
1316 1000 1394 1085 hoc
1414 999 1650 1113 praetermitti
1667 1026 1749 1083 non
1773 993 1916 1083 debet:
1948 1021 2033 1107 quae
2052 994 2151 1078 hanc
2173 993 2275 1108 circa
2286 1006 2362 1076 mai

958 1120 1106 1207 ‘teriam
1125 1116 1225 1201 dieta
1242 1112 1351 1217 sunt,
1383 1116 1461 1204 five
1483 1116 1535 1203 de
1559 1116 1848 1232 particularibus
1865 1108 2072 1225 spatiorum
2093 1109 2359 1223 quadraturis,

968 1236 1049 1323 five
1080 1236 1131 1322 de
1155 1238 1294 1320 centris
1326 1236 1522 1349 gravitatis
1544 1236 1586 1319 in
1618 1262 1699 1321 uno
1729 1235 1904 1320 alterove
1932 1224 2017 1316 casu
2039 1229 2256 1343 algebraice
2274 1225 2361 1311 allt-

968 1353 1217 1469 gnabilibus,
1249 1352 1379 1466 deque
1403 1355 1486 1439 aliis
1517 1352 1561 1438 id
1587 1380 1739 1467 genuss
1772 1379 1819 1437 ca
1837 1347 1967 1435 multis
1990 1347 2075 1432 aliis
2105 1346 2216 1430 lineis
2239 1345 2363 1429 curvis

964 1468 1187 1553 commode
1206 1471 1453 1583 &eleganter
1470 1471 1652 1585 applicati
1671 1464 1777 1581 polle
1794 1505 1811 1550 a
1833 1498 1898 1553 cx.
1929 1493 1985 1579 ge.
2001 1464 2058 1547 illi
2080 1488 2225 1558 curvae,
2251 1488 2362 1573 quam
2483 1547 2484 1550 r

972 1579 1427 1677 Roesnvauttus
1458 1614 1576 1676 vocat
1609 1584 1844 1685 Trochoidis,
1875 1581 1990 1668 idest
2010 1578 2185 1695 cycloides
2213 1574 2361 1668 Socim.

778 1788 787 1797 .
968 1705 1037 1789 vuel
1070 1702 1272 1793 Comitems
1319 1732 1403 1817 quae
1436 1708 1518 1813 ejus
1549 1706 1734 1816 temporis
1765 1699 1991 1791 Geometris
2021 1725 2103 1783 non
2131 1697 2259 1781 minus
2286 1692 2362 1780 fere

967 1848 1087 1935 quam
1114 1815 1190 1929 ipsa
1222 1812 1389 1932 Cyclois
1415 1821 1607 1906 celebrata
1637 1820 1733 1911 suits
1768 1844 1962 1933 quamque
1991 1816 2109 1899 etiam
2140 1809 2359 1900 WALLI·

966 1958 1059 2022 810
1089 1931 1156 2018 sub
1186 1938 1345 2019 nomine
1385 1933 1513 2019 Curva
1530 1939 1678 2047 finitum
1710 1939 1923 2043 verstrrum,
1954 1926 2122 2045 aliisque
2151 1931 2364 2015 nostrorum

961 2080 1162 2137 annorum
1181 2042 1473 2139 Mathematicis
1501 2056 1665 2167 egregiis
1679 2053 1955 2137 confideratam
1966 2051 2132 2161 reperio.
2191 2043 2364 2134 Geneta-
2486 2047 2487 2054 '

966 2193 1033 2255 tur
1062 2194 1190 2253 autem
1221 2169 1451 2281 applicando
1475 2171 1621 2285 ubique
1639 2168 1692 2253 ad
1713 2166 1757 2254 K
1787 2174 1929 2254 rectam
1955 2167 2144 2281 aequalem
2164 2164 2271 2247 arcui
2293 2164 2363 2246 cir·

968 2286 1089 2395 cerlati
1119 2280 1231 2385 AL,
1264 2288 1329 2370 vel
1359 2289 1477 2371 etiam
1507 2312 1618 2371 motu
1644 2284 1820 2400 quodam
1843 2285 2059 2385 continuo,
2090 2274 2248 2394 allisque
2280 2307 2365 2363 mo·
2488 2295 2489 2356 l

969 2403 1066 2502 dis,
1098 2430 1198 2513 quos
1221 2402 1315 2489 vide
1334 2404 1439 2516 apud
1464 2398 1966 2500 RoBERVALMUM,
1997 2398 2137 2512 quide
2159 2426 2229 2496 ea,
2259 2401 2366 2506 juxta

972 2525 1014 2603 δι
1038 2518 1088 2604 de
1108 2512 1332 2630 Cycloide,
1363 2514 1441 2605 fuse
1471 2514 1638 2632 scripsit,
1667 2518 1868 2632 deditque
1888 2515 2082 2632 quidquid
2105 2514 2186 2601 fcte
2208 2513 2356 2599 deiide·
2489 2577 2490 2592 ,

971 2636 1046 2719 rari
1064 2634 1215 2744 potest:
1247 2634 1291 2717 srt
1319 2664 1390 2747 pro
1413 2629 1619 2749 spatiorum
1641 2630 1932 2749 solidorumque
1957 2636 2071 2718 variis
2096 2632 2225 2716 modis
2247 2628 2364 2716 fatto

971 2778 1058 2835 rum
1077 2748 1338 2841 dimensrones
1372 2748 1416 2834 stt
1429 2780 1500 2863 pro
1523 2750 1997 2859 eorumdemcentrorum
2016 2751 2238 2863 gravitatis,
2261 2768 2367 2832 utut

971 2894 1040 2981 pet
1067 2864 1335 2980 quadraturas,
1377 2866 1730 2960 determitatione3
1761 2870 1868 2952 nihil
1897 2893 2027 2952 umen
2049 2864 2100 2950 de
2126 2864 2237 2980 ipsrus
2263 2857 2367 2948 Cur·

970 3010 1030 3067 vae
1061 2982 1306 3096 longitudine
1338 2982 1486 3085 habet,
1516 3014 1614 3098 ‘que
1648 2986 1833 3098 reperitur
1859 2985 2015 3099 aequalis
2053 2980 2367 3067 circumferentiae

972 3099 1113 3211 ellipfis
1143 3101 1329 3208 alicujus,
1359 3103 1402 3183 in
1431 3129 1508 3215 qua
1536 3105 1618 3186 axis
1650 3106 1773 3210 major
1800 3101 1939 3214 duplus
1965 3100 2020 3183 est
2044 3093 2117 3184 suat
2151 3096 2364 3211 parametri.

973 3211 1045 3300 De
1064 3218 1286 3328 algebraicis
1315 3248 1412 3303 vero
1441 3218 1611 3318 cafibus,
1642 3215 1695 3304 de
1725 3218 1866 3331 quibus
1889 3220 1953 3301 ltic
1976 3212 2133 3315 sermo,
2164 3244 2237 3299 nec
2264 3210 2366 3325 apud

978 3325 1100 3440 ipsum
1119 3390 1132 3432 ‚
1163 3360 1236 3415 nec
1264 3335 1368 3443 apud
1386 3336 1510 3435 alios,
1539 3338 1607 3421 vel
1624 3336 1744 3418 hilum
1762 3357 1886 3418 extat.
1941 3328 2056 3419 Dico
2078 3334 2230 3447 itaque,
2250 3332 2367 3415 ctiam
2494 3395 2496 3414 r

971 3445 1021 3529 ‘in
1042 3444 1153 3551 hujus
1173 3472 1296 3529 eurvae
1326 3444 1449 3559 spatio
1472 3448 1618 3533 infinita
1640 3446 1714 3534 elic
1739 3445 1933 3563 segmenta
1957 3443 2132 3534 absolute
2162 3448 2367 3562 quadrabi-

977 3562 1044 3649 lia.
1094 3554 1245 3644 Dudis
1272 3564 1377 3646 enim
1401 3560 1561 3648 ‘duabus
1593 3567 1816 3677 applicatis,
1847 3592 1924 3651 una
1944 3565 1996 3651 ed
2010 3565 2221 3665 dextram,
2249 3566 2368 3648 altera

965 3676 1031 3763 :ad
1062 3674 1264 3778 linistram,
1297 3685 1373 3763 &a
1391 3704 1524 3764 centro
1553 3683 1686 3769 circuli
1695 3684 1929 3798 generatoris
1946 3683 2035 3766 hinc
2058 3682 2150 3766 inde
2174 3682 2367 3793 aqualiter

967 3793 1228 3886 *distantibuss
1261 3800 1361 3881 recia
1390 3800 1620 3884 eonneciens
1644 3801 1919 3912 applicatarum
1939 3801 2202 3886 extremitates
2221 3792 2368 3881 abscin-
2494 3857 2495 3866 a

979 3914 1048 3997 det
1071 3906 1335 4024 segmentum,
1366 3913 1476 4028 quod
1499 3916 1553 4001 est
1582 3918 1728 4029 aequale
1750 3917 1971 4029 reciangulo
2002 3911 2070 4000 sub
2091 3914 2304 4014 diametro,
2326 3918 2367 3996 δι

794 4128 799 4133 ‚
979 4023 1049 4111 sub
1081 4025 1393 4142 correspondenti
1415 4034 1603 4145 applicata
1623 4032 1777 4118 circuli:
1796 4035 1954 4147 reliqua
1973 4031 2026 4117 dc
2050 4027 2279 4129 sectoribus,
2297 4058 2368 4114 zo·

969 4147 1071 4243 nis,
1091 4147 1316 4231 uonoidum
1334 4141 1602 4259 superficiebus
1621 4152 1662 4233 &
1691 4144 1851 4249 solidis,
1883 4174 1927 4233 ut
1947 4155 1988 4233 δι
2013 4148 2067 4235 de
2084 4150 2222 4234 centris
2238 4148 2369 4262 gravi·

978 4262 1095 4377 tatis,
1127 4261 1238 4374 quod
1259 4265 1465 4380 unicuique
1485 4292 1586 4350 nunc
1602 4289 1786 4378 pateant,
1817 4267 1954 4351 lubens
1973 4290 2172 4377 praetereo.
2269 4291 2276 4300 ’

1035 4372 1241 4464 Deberem
1260 4380 1491 4496 hicaliquid
1510 4382 1638 4468 dicere
1657 4383 1709 4468 de
1731 4375 2192 4498 Cycloidibuscontraeeiis
2220 4386 2262 4465 uc
2281 4404 2369 4491 prr-

962 4502 1132 4596 παίω,
1173 4500 1315 4582 etenim
1342 4501 1457 4582 etiam
1477 4493 1578 4586 hisce
1599 4501 1680 4587 fere
1707 4504 1838 4585 omnia
1863 4521 2089 4609 competunt
2112 4528 2195 4612 quae
2220 4496 2272 4583 de
2286 4510 2370 4611 pri-

978 4622 1096 4689 maria
1109 4614 1271 4699 ostendi.
1316 4610 1514 4702 Suffeccrit
1534 4644 1690 4719 autem,
1722 4619 1823 4703 srhic
1836 4616 2058 4731 generalem
2078 4618 2249 4729 regulam
2267 4614 2368 4699 indi

977 4750 1144 4824 cavero,
1162 4762 1232 4841 pro
1256 4732 1577 4820 determinatione
1590 4738 1765 4822 omnium
1781 4730 2066 4849 segmentotum
2080 4728 2255 4819 absolute
2273 4759 2367 4845 qua·

983 4839 1218 4940 drabilium,
1251 4849 1327 4935 seve
1352 4852 1389 4932 in
1405 4863 1620 4945 contrariis,
1653 4854 1731 4938 srve
1761 4853 2013 4964 inprotrallis
2037 4848 2259 4967 Cycloidr‘bus
2278 4885 2288 4932 z
2305 4844 2370 4931 alii

976 4960 1047 5078 qui
1077 4957 1162 5073 plus
1199 4964 1271 5049 otii
1305 4968 1404 5049 nalli
1436 4964 1545 5074 sunt,
1584 4972 1732 5085 reliqua
1755 4997 1811 5057 cx
1839 4967 1949 5060 diuis
1975 4968 2087 5063 littlle
2114 4968 2372 5169 mdagalffi
