5500 6884
952 882 1040 981 ηε
1107 850 1350 955 mmor.
1381 852 1961 949 Sternumentum
1979 854 2265 951 numeror

953 1024 1142 1118 lationem
1160 1028 1388 1139 punctorum
1411 1025 1617 1123 incurva,
1648 1016 1698 1107 ad
1727 1024 1867 1135 pundla
1892 1024 1931 1107 in
1953 1026 2053 1106 recta
2075 1021 2265 1135 posrtione
2279 1016 2344 1105 da-

953 1169 1016 1249 ta,
1052 1170 1171 1262 quam
1196 1171 1308 1228 axem
1326 1164 1465 1231 vocat3
1499 1168 1571 1254 pro
1595 1166 1672 1253 qua
1700 1140 1888 1225 relatione
1912 1142 2061 1224 invenit
2088 1136 2347 1254 aequationem

952 1264 1236 1379 algebraicam,
1266 1258 1377 1343 unde·
1401 1286 1523 1342 curvae
1554 1280 1727 1342 naturam
1746 1260 1787 1341 δι
1812 1259 2131 1343 construdlionem
2163 1256 2347 1342 determi-

955 1404 1035 1469 nat.
1090 1372 1272 1476 Verum,
1304 1374 1331 1458 st
1361 1402 1409 1459 ex
1439 1370 1519 1459 sola
1554 1400 1687 1460 mutua
1714 1375 1902 1459 relatione
1938 1367 2184 1487 ipsorummet
2223 1398 2347 1455 curvat

955 1498 1208 1614 pundorum,
1240 1493 1385 1603 (nullis
1424 1493 1506 1577 aliis
1538 1486 1809 1593 consideratis,
1839 1492 1906 1577 vel
1936 1492 2034 1577 datis
2045 1504 2064 1595 )
2094 1516 2248 1587 natura,
2278 1488 2346 1571 vel

954 1610 1186 1700 construdtio
1217 1636 1340 1695 curvae
1360 1606 1530 1695 eruenda
1547 1607 1616 1699 srtr
1649 1635 1730 1693 non
1752 1608 1896 1709 video,
1928 1634 2004 1722 qua
2033 1610 2182 1693 ratione
2209 1606 2251 1689 id
2274 1604 2346 1689 ob·

954 1733 1079 1815 tinere
1106 1728 1225 1813 liceat
1259 1746 1328 1839 per
1357 1726 1505 1839 regulas
1535 1719 1833 1813 CARTESII.
1866 1720 1960 1812 Nec
1993 1727 2109 1809 etiam
2140 1722 2348 1807 methodus

955 1844 1242 1932 infinitesrmalit
1265 1843 1321 1926 ibi
1340 1842 1549 1957 quicquam
1571 1843 1741 1955 praestare
1758 1845 1913 1954 poterit.
1945 1838 2048 1929 Non
2073 1842 2204 1954 itaque
2223 1843 2348 1952 ingra-

954 1987 1039 2053 tum
1078 1953 1303 2050 Geometris
1334 1956 1419 2045 fore
1457 1982 1579 2073 puto,
1619 1957 1646 2041 sr
1674 1973 1843 2059 novam,
1874 1988 1945 2071 pro
1976 1959 2035 2041 his
2064 1962 2104 2041 dt
2135 1956 2348 2053 fimilibus,

954 2080 1052 2167 mihi
1078 2102 1268 2191 repertam
1300 2072 1398 2179 effe,
1437 2102 1506 2188 per
1536 2069 1769 2160 solutionem
1795 2078 1907 2161 unius
1932 2076 1998 2161 vel
2031 2075 2184 2158 alterius
2215 2100 2346 2161 exem·

952 2194 1034 2313 pli,
1066 2193 1285 2281 ostendero.
2298 2248 2301 2253 -
2374 2225 2376 2234 ·

974 2360 980 2365 -
1010 2308 1182 2399 Primum
1207 2307 1319 2424 quod
1331 2304 1420 2394 huic
1433 2302 1677 2395 meditationi
1690 2300 1813 2394 ansam
1828 2304 1950 2407 dedit,
1962 2330 2043 2391 erat
2054 2304 2349 2393 decantarilsrma

952 2425 1021 2514 illa
1029 2430 1241 2541 proprietas
1251 2428 1397 2524 circuli,
1412 2424 1669 2511 demonstrata
1680 2422 1824 2539 Propp.
1838 2455 1887 2533 35
1906 2430 1945 2506 u
1962 2440 2016 2532 36
2037 2420 2127 2509 Lib.
2147 2420 2230 2509 III.
2253 2420 2348 2513 EU-

859 2574 868 2584 ‘
952 2563 1161 2632 CLIDIS.
1192 2546 1430 2656 Qodomnis
1448 2548 1615 2655 reliaper
1623 2548 1797 2653 puralium
1809 2545 1936 2624 datum
1956 2546 2082 2631 dalla,
2108 2540 2345 2635 &acutum-

924 2664 1107 2770 ¹ferentia
1143 2665 1269 2745 circuli
1300 2664 1522 2752 terminatur
1554 2660 1683 2742 habeat
1711 2660 1954 2767 rellangulrrm
1971 2656 2235 2767 figmentorum
2264 2662 2348 2740 dm

953 2778 1128 2883 carfiano
1156 2780 1296 2889 equale.
1340 2770 1447 2885 Quis
1470 2777 1551 2875 est,
1583 2778 1651 2889 qui
1672 2804 1755 2861 non
1782 2776 1907 2859 statim
1932 2776 2219 2886 pronuntiaret,
2251 2774 2349 2857 hanc

983 2896 1232 3005 roprietatem
1249 2882 1325 2980 elle
1346 2891 1492 2975 circulo
1516 2889 1770 2983 essentialem
1796 2896 1836 2977 δι
1860 2890 2110 2975 concluderet
2129 2895 2347 3005 reciproce:

953 2923 1053 3120 lssrgo
1077 3034 1196 3094 ‘curva
1208 3011 1354 3119 ficiens
1381 3013 1624 3117 reditqulum
1636 3007 1709 3115 stab
1721 3010 1919 3118 segmentis
1948 3019 2111 3117 crp'usvir
2142 3016 2256 3100 rebla,
2280 3033 2347 3119 per

945 3134 1123 3249 prndium
1148 3123 1276 3209 darum
1297 3126 1426 3223 darre,
1453 3128 1537 3207 dato
1562 3130 1713 3237 equale,
1738 3126 1787 3230 est
1792 3125 1994 3235 peripheria
2009 3127 2144 3208 circuli.
2176 3122 2264 3235 Ego
2280 3152 2348 3209 ve·

956 3269 1004 3326 ro
1028 3242 1260 3328 contraritun
1283 3244 1430 3341 statuo,
1461 3248 1503 3325 dc
1527 3242 1619 3327 dico
1644 3240 1692 3327 src
1705 3264 2035 3353 argumentantem
2050 3242 2347 3325 enormiterhal

957 3355 1140 3449 lucinarit
1173 3382 1217 3443 ut
1246 3380 1341 3469 pote
1368 3357 1584 3467 reperiens,
1617 3357 1727 3468 quod
1757 3352 1905 3439 infinita
1933 3356 2072 3439 dentur
2094 3386 2234 3471 genera
2267 3386 2349 3443 cur·

956 3494 1116 3569 varum,
1147 3500 1256 3584 quae,
1287 3496 1369 3552 non
1408 3472 1533 3551 minus
1566 3496 1685 3583 quarn
1718 3468 2019 3555 circumferentia
2055 3474 2210 3577 circuli,
2252 3475 2351 3559 dicta

958 3588 1195 3701 proprietate
1213 3582 1432 3697 gaudeantr
1464 3612 1553 3671 cum
1583 3588 1661 3669 hoc
1672 3576 1755 3671 solo
1779 3578 2015 3687 discrimine,
2046 3591 2180 3703 quod,
2211 3595 2251 3675 in
2265 3592 2349 3693 hac,

957 3704 1014 3789 ob
1052 3700 1340 3789 srmilitudinem
1370 3698 1536 3815 partium
1565 3696 1736 3804 suarum,
1742 3707 1951 3904 sspundlulrr
1973 3702 2106 3790 datum
2129 3710 2278 3799 ubivisr
2311 3712 2351 3794 in

953 3819 1100 3907 catenis
1126 3849 1223 3907 vero
1250 3842 1363 3923 cetto
1384 3842 1532 3904 tantum
1561 3821 1654 3903 loco
1687 3848 1741 3934 po
1768 3846 1798 3905 rt
1822 3814 1928 3905 sumi.
1980 3819 2110 3932 Qrod
2141 3852 2184 3910 ut
2216 3826 2351 3911 clarius

955 3940 1170 4051 explicem,
1201 3934 1402 4051 suppono,
1435 3964 1499 4021 me
1526 3929 1720 4049 hucusque
1741 3939 1938 4049 ignorare,
1969 3940 2081 4053 quod
2104 3941 2147 4026 fit
2165 3944 2353 4045 circulus,

956 4056 1020 4139 cui
1044 4056 1113 4139 ista
1143 4056 1356 4168 proprietas
1377 4055 1609 4154 conveniat,
1652 4048 1718 4136 scd
1750 4054 1845 4137 milri
1881 4054 2159 4167 problematice
2203 4087 2350 4175 propo·

767 4194 937 4273 'rrum
955 4168 1027 4255 nl:
1058 4171 1227 4256 lavenna
1247 4172 1295 4269 ἀ
1316 4170 1508 4284 constguere
1534 4197 1689 4254 curvaem
1708 4167 1802 4255 AB
1816 4168 1875 4271 C,
1907 4206 1947 4259 a.
1975 4186 2031 4257 ἐκ
2050 4201 2124 4277 ut,
2153 4210 2200 4261 ex
2220 4184 2350 4286 puncto

773 4284 939 4450 2:¹³?OE
956 4283 1109 4491 datoCD
1135 4286 1242 4487 Ᾱιὲιῖῐὶα
1275 4296 1411 4486 plevis
1435 4291 1536 4485 peda
1562 4280 1887 4489 DEQDJZW
1917 4322 2070 4375 curvam
2096 4304 2136 4376 in
2150 4302 2292 4406 punctis
2313 4291 2355 4379 Ε

955 4406 1062 4635 {iu
1080 4402 1927 4633 'edm‘i'l'nalfaffgmc‘iiare'su‘i
1947 4406 2111 4633 decoll
2134 4414 2274 4630 ddi?
2290 4444 2348 4613 nl-

953 4636 1074 4749 finitis
1120 4638 1248 4724 modis
1289 4634 1458 4723 satisfieri
1494 4640 1621 4752 potest
1657 4673 1668 4722 r
1711 4632 1844 4724 Duru
1875 4642 1979 4725 enirn
2009 4668 2204 4759 utcunque
2245 4650 2349 4731 redi

952 4743 1131 4857 DAG,
1162 4785 1235 4869 pro
1265 4754 1482 4859 diametro,
1513 4756 1554 4839 in
1584 4780 1663 4870 qua
1686 4750 1838 4841 abscilia
1864 4750 1981 4857 DF,
2013 4764 2052 4843 δι
2073 4762 2126 4847 ad
2156 4764 2254 4849 hanc
2284 4790 2345 4849 or·

950 4864 1118 4963 dinatim
1141 4869 1384 4991 applicatain
1407 4900 1643 4988 quocunque
1662 4874 1804 4987 angulo
1827 4870 1926 4965 BFr
1952 4872 2152 4965 allumatur
2174 4880 2348 4989 quadam

948 4988 1055 5087 tedia
1073 5015 1151 5103 pro
1169 4989 1341 5083 unitates
1366 4988 1577 5109 junctaque
1595 4980 1714 5095 DB,
1741 5016 1904 5077 vocetur
1926 4984 2041 5101 DB,
2067 5028 2099 5081 x
2122 5003 2162 5085 δι
2182 4996 2258 5085 ΒΡ
2273 5032 2344 5112 ,y,

2211 5108 2337 5241 olco
