5500 6884
938 852 1016 954 178
1037 824 1117 927 m.
1135 817 1329 918 muru.
1349 814 1439 909 An
1467 808 1972 904 Tremunnnnrrum
1981 812 2294 909 RESPONSIO.

934 1033 1087 1121 cunque
1120 1005 1238 1087 etiam
1264 996 1405 1083 habeat
1431 992 1568 1093 socos,
1596 1020 1664 1103 per
1690 992 1845 1076 unicum
1867 986 2012 1105 semper
2037 996 2161 1107 potest
2188 990 2326 1083 descri-

932 1125 977 1209 bi
989 1184 1003 1224 ,
1035 1120 1180 1218 idest,
1210 1144 1279 1229 pet
1304 1114 1575 1200 evolutionem
1606 1108 1872 1217 Hagenianam.
1903 1106 2005 1198 Non
2035 1111 2156 1197 video
2186 1114 2301 1228 igitur
2309 1133 2327 1214 ‚¹

936 1253 1002 1323 cu'r
1030 1232 1300 1323 recurrendum
1331 1226 1424 1315 esset
1449 1228 1500 1312 ad
1523 1226 1768 1315 evolutiones
1798 1232 1917 1339 magis
1949 1229 2206 1341 composttas,
2239 1258 2326 1315 cum

936 1355 1043 1441 idem
1071 1374 1261 1465 perpetuo
1286 1348 1454 1431 obtineri
1481 1342 1591 1457 possit
1617 1370 1684 1455 per
1709 1342 2020 1455 sunplicissnnam.

956 1570 960 1575 ¹
994 1468 1194 1555 Subneslit
1219 1460 1297 1553 Vir
1330 1458 1618 1559 eruditissimus,
1646 1452 1683 1544 se
1715 1460 1857 1545 habere
1883 1460 2083 1571 fingularia
2110 1463 2332 1545 theoremata

935 1576 1256 1695 universilr'ae'pro
1288 1608 1393 1665 nova
1429 1578 1612 1665 domina·
1636 1576 1838 1667 locorumr
1877 1575 1998 1661 asserit
2028 1606 2081 1663 ue.
2113 1579 2181 1663 fibi
2211 1580 2328 1664 valde

935 1701 1139 1817 probabile
1164 1698 1313 1797 videri,
1344 1696 1601 1811 equalitatem
1622 1694 1929 1807 renangulorum
1953 1608 2135 1779 regnum
2163 1690 2200 1781 se
2228 1698 2329 1783 inter

936 1814 1167 1917 secantium,
1192 1818 1336 1929 (quam
1362 1838 1464 1927 ego,
1495 1834 1747 1923 praeterquam
1766 1812 1936 1910 circulo,
1962 1808 2117 1895 infinitis
2137 1814 2219 1897 aliis
2242 1843 2327 1897 cur·

936 1938 998 2019 vis
1033 1956 1256 2045 competere
1289 1958 1409 2042 nuper
1445 1927 1634 2031 ostendi)
1662 1921 1834 2013 absolute
1865 1928 2045 2011 omnibus
2081 1956 2328 2015 communem

937 2046 1025 2137 else.
1085 2045 1133 2133 Id
1163 2045 1323 2161 quidem
1351 2043 1464 2129 facile
1494 2045 1668 2157 largior,
1699 2040 1726 2125 sr
1753 2042 1851 2147 eluas¹
1872 2067 2022 2127 tantum
2046 2048 2163 2130 renas
2197 2041 2236 2132 se
2268 2051 2329 2131 in·

938 2162 1164 2252 tersecantes
1190 2164 1413 2275 intelligatr
1451 2184 1494 2243 ut
1523 2158 1602 2244 sere
1628 2158 1786 2244 innuere
1821 2158 2009 2259 videtur,
2045 2162 2203 2274 quando
2233 2164 2329 2247 dicit

937 2286 1157 2393 cerriffimum
1186 2284 1230 2363 id
1255 2278 1340 2388 effe,
1365 2288 1406 2359 in
1434 2276 1507 2388 ipſsa
1529 2304 1664 2389 quoque
1671 2275 1870 2386 parabola,
1901 2276 2103 2393 hyperbole,
2135 2279 2181 2372 ἀ·
2209 2280 2328 2390 elupſs,

937 2397 1032 2483 banc
1060 2406 1283 2497 veritatem,
1309 2398 1409 2509 quod
1436 2391 1572 2477 duabus
1605 2394 1770 2501 resilisse
1808 2392 2096 2499 intersecantibus
2126 2401 2330 2509 redargu&

923 2516 1188 2626 figmentorum
1213 2509 1369 2620 inrerst
1399 2515 1548 2623 affluitis
1577 2512 1691 2593 modis
1715 2534 1811 2591 certa
1832 2520 1969 2593 ratione
1979 2512 2057 2621 βω
2079 2516 2247 2623 aqualia,
2267 2516 2330 2595 de-

936 2632 1124 2737 mtssnri
1149 2627 1254 2741 poffe.
1315 2626 1395 2713 Sed
1429 2627 1631 2712 ridiculum
1659 2621 1808 2738 prorsus
1835 2622 1957 2712 suisset
1989 2626 2017 2711 st
2052 2628 2257 2739 tale.quid
2286 2650 2332 2714 ut

936 2773 1088 2831 norrun
1114 2744 1316 2830 venditare
1346 2740 1572 2834 voluissemr
1601 2740 1814 2857 siquidem,
1842 2743 1965 2855 prima
1988 2744 2113 2827 statim
2145 2748 2330 2830 attentio·

935 2887 1012 2963 ne,
1040 2862 1162 2947 cuivis
1193 2861 1357 2947 obvium
1382 2862 1462 2960 est,
1491 2888 1649 2947 omnem
1682 2886 1861 2958 curvam,
1888 2858 1915 2943 st
1941 2886 2023 2945 non
2053 2860 2098 2943 srt
2129 2862 2329 2965 circulus,

846 3030 850 3036 ·
935 2973 1043 3092 posse
1069 2977 1264 3063 acitculo
1295 2972 1411 3061 secari
1433 2978 1474 3059 in
1504 3000 1669 3089 quatuor
1696 2976 1865 3085 punctim
1891 3004 1959 3088 per
1981 3004 2149 3091 quotum
2176 2976 2268 3063 bina
2290 2983 2330 3064 ἕ(

936 3097 1032 3181 bina
1054 3086 1289 3181 transeuntes
1312 3094 1422 3179 lineae
1445 3096 1555 3179 reslae
1579 3089 1779 3175 habebunt
1795 3094 1930 3205 utique
1950 3086 2232 3206 segmentorum
2246 3122 2336 3179 rec·-

934 3210 1094 3321 ran'gula
1115 3211 1298 3325 aequaliar
1324 3208 1426 3295 adeo
1451 3232 1493 3293 ut
1514 3210 1592 3293 hoc
1614 3206 1665 3293 de
1696 3208 1878 3291 omnibus
1909 3211 2064 3310 curvis,
2096 3238 2176 3297 non
2206 3206 2333 3297 solut'n

887 3386 890 3390 »
936 3324 1170 3439 probabile,
1189 3320 1256 3408 sed
1277 3328 1441 3410 ornnIno
1470 3346 1617 3405 certum
1640 3321 1696 3404 srt.
1743 3316 1805 3405 At
1831 3316 1952 3408 sensus
1975 3328 2053 3411 mei
2074 3329 2222 3425 inventi
2243 3330 2345 3423 lon-⁴

935 3465 987 3555 ge
1003 3437 1100 3521 alius
1120 3438 1187 3522 est.
1246 3433 1352 3523 Non
1373 3438 1478 3521 enim
1498 3434 1591 3519 duas
1614 3430 1768 3537 saltem,
1793 3430 1858 3523 sed
1886 3432 2078 3545 infinitas',
2107 3440 2173 3535 sed
2195 3474 2334 3533 omnes

935 3556 1057 3641 tellas
1078 3582 1101 3639 e
1125 3554 1271 3667 punclo
1295 3552 1469 3665 quodam
1494 3550 1760 3664 egredientes,
1785 3582 1870 3669 quae
1897 3552 2025 3643 secent
2052 3589 2208 3663 curvas,
2232 3565 2332 3649 volo

936 3683 982 3757 ut
1003 3666 1143 3755 faciant
1164 3671 1381 3783 rellengula
1407 3662 1687 3783 segmentorum
1714 3665 1865 3757 suorum
1888 3676 2073 3789 aequalia3
2107 3703 2224 3793 atque
2252 3682 2331 3767 hoc

937 3788 1121 3875 omnibus
1139 3786 1265 3878 curvis
1287 3788 1497 3872 convenire
1522 3804 1640 3872 nemo
1664 3788 1959 3894 demonstrabit,
1986 3822 2074 3879 cum
2097 3802 2329 3883 contrarium

964 3904 1067 3991 otius
1090 3905 1131 3988 in
1160 3902 1247 4016 ipsu
1277 3904 1401 3988 tribus
1426 3897 1656 3989 sectionibus
1682 3896 1826 3990 c'onicis
1853 3909 1979 3993 evinci
2010 3910 2134 4025 possit.
2198 3912 2330 4023 Qtod

936 3934 1122 4133 superest,
1150 4018 1482 4106 srtheorematum
1511 4014 1664 4105 suorum
1693 4024 1794 4107 vires
1823 4028 1984 4139 experiri
2013 4032 2131 4130 velit,
2164 4026 2217 4117 sat
2247 4060 2333 4117 am·

935 4136 1043 4249 plam
1072 4138 1270 4223 materiam
1312 4138 1431 4221 habet
1471 4134 1688 4351 applicandi
1726 4141 1791 4225 illa
1819 4141 1861 4228 in
1898 4144 2142 4259 inquistione
2170 4170 2331 4255 curvae‚‘

934 4265 1054 4455 auam
1082 4254 1122 4337 in
1154 4254 1333 4337 Aliorum
1358 4254 1472 4361 mense
1522 4264 1606 4338 unio
1637 4250 1837 4343 insolutam
1870 4260 2080 4375 relinqu03
2116 4292 2159 4351 ut
2186 4262 2329 4355 scilicet

940 4480 945 4487 ι
977 4368 1102 4456 lidum
1126 4364 1195 4455 sub
1222 4399 1301 4455 uno
1324 4366 1523 4485 segmento
1547 4378 1588 4456 δι
1612 4373 1801 4485 quadrato
1825 4376 2004 4477 alterius,
2032 4380 2076 4465 srt
2102 4384 2249 4499 ubique
2272 4387 2328 4470 ei-

936 4486 1027 4573 rlenr
1056 4487 1225 4603 equaler
1253 4490 1360 4596 cuius
1389 4482 1530 4575 solutio
1562 4488 1658 4573 mihi
1683 4516 1833 4605 reperta
1856 4494 1925 4580 est.
1984 4489 2085 4583 Item
2116 4502 2227 4617 quod
2256 4530 2328 4588 nu·

935 4628 1005 4714 pet
1028 4604 1185 4716 publice
1210 4600 1419 4719 proposui,
1450 4630 1596 4720 quaerat
1619 4634 1798 4709 curuum,
1827 4610 1881 4693 ita
1911 4632 1956 4695 ut
1980 4606 2123 4700 summa
2154 4614 2330 4735 segmen·

936 4738 1066 4801 totum
1101 4721 1151 4804 ad
1215 4725 1404 4807 otentiam
1436 4722 1568 4807 datam
1601 4724 1841 4810 elevatorum
1875 4722 1919 4808 fit
1948 4757 2137 4847 perpetuo
2174 4738 2328 4825 eadem.

793 4940 797 4948 1
936 4819 1082 4968 Hisce,
1106 4751 1285 4949 aliisiue,
1315 4838 1343 4922 si
1369 4834 1589 4927 satisfecerit
1613 4844 1685 4936 (ut
1708 4869 1788 4925 non
1806 4830 2057 4951 'dubinmusr
2084 4846 2162 4939 Vir
2186 4851 2329 4969 perspi·

940 4946 1165 5088 censimus,
1190 4950 1294 5046 baud
1316 4958 1506 5070 aptiorem
1531 4950 1658 5073 ausum
1689 4956 1806 5075 nobit
1835 4962 2046 5075 praebebit,
2079 4969 2130 5059 de
2158 4974 2327 5059 intentis

2210 5102 2325 5219 ipstus
