<?xml version="1.0" encoding="UTF-8"?>
<!DOCTYPE html PUBLIC "-//W3C//DTD XHTML 1.0 Transitional//EN"
    "http://www.w3.org/TR/xhtml1/DTD/xhtml1-transitional.dtd">
<html xmlns="http://www.w3.org/1999/xhtml" xml:lang="en" lang="en">
 <head>
  <title>
</title>
<meta http-equiv="Content-Type" content="text/html;charset=utf-8" />
  <meta name='ocr-system' content='tesseract 3.04.00' />
  <meta name='ocr-capabilities' content='ocr_page ocr_carea ocr_par ocr_line ocrx_word'/>
</head>
<body>
  <div class='ocr_page' id='page_1' title='image "./operaomnia00primgoog_0050.png"; bbox 0 0 5500 6884; ppageno 0'>
   <div class='ocr_carea' id='block_1_1' title="bbox 842 779 2449 1468">
    <p class='ocr_par' dir='ltr' id='par_1_1' title="bbox 842 779 2449 936">
     <span class='ocr_line' id='line_1_1' title="bbox 842 779 2449 936; baseline 0.001 -5"><span class='ocrx_word' id='word_1_1' title='bbox 842 853 845 856; x_wconf 41' lang='lat'><em>⁷</em></span> <span class='ocrx_word' id='word_1_2' title='bbox 973 856 1021 936; x_wconf 90' lang='lat'>18</span> <span class='ocrx_word' id='word_1_3' title='bbox 1138 779 2200 929; x_wconf 63' lang='lat' dir='ltr'>tuttnuanuantsascunnln</span> <span class='ocrx_word' id='word_1_4' title='bbox 2353 779 2449 934; x_wconf 80' lang='grc' dir='ltr'> </span> 
     </span>
    </p>

    <p class='ocr_par' dir='ltr' id='par_1_2' title="bbox 864 998 2346 1468">
     <span class='ocr_line' id='line_1_2' title="bbox 864 998 2344 1131; baseline 0.004 -45"><span class='ocrx_word' id='word_1_5' title='bbox 864 1061 875 1086; x_wconf 65' lang='lat'>,</span> <span class='ocrx_word' id='word_1_6' title='bbox 966 998 1165 1099; x_wconf 77' lang='lat' dir='ltr'>vescentia</span> <span class='ocrx_word' id='word_1_7' title='bbox 1199 1005 1486 1121; x_wconf 81' lang='lat' dir='ltr'>explicandam,</span> <span class='ocrx_word' id='word_1_8' title='bbox 1518 1003 1736 1131; x_wconf 87' lang='lat' dir='ltr'>dummodo</span> <span class='ocrx_word' id='word_1_9' title='bbox 1765 1033 1837 1092; x_wconf 90' lang='lat' dir='ltr'>nec</span> <span class='ocrx_word' id='word_1_10' title='bbox 1858 1005 2021 1106; x_wconf 89' lang='lat' dir='ltr'>rationi,</span> <span class='ocrx_word' id='word_1_11' title='bbox 2051 1033 2125 1090; x_wconf 92' lang='lat' dir='ltr'>nec</span> <span class='ocrx_word' id='word_1_12' title='bbox 2151 1001 2344 1118; x_wconf 86' lang='lat' dir='ltr'>experien-</span> 
     </span>
     <span class='ocr_line' id='line_1_3' title="bbox 965 1119 2346 1324; baseline -0.002 -1"><span class='ocrx_word' id='word_1_13' title='bbox 965 1119 2346 1324; x_wconf 64' lang='lat' dir='ltr'>stutrnmnnttmunumina</span> 
     </span>
     <span class='ocr_line' id='line_1_4' title="bbox 879 1269 2345 1468; baseline -0.001 -31"><span class='ocrx_word' id='word_1_14' title='bbox 879 1410 883 1416; x_wconf 65' lang='grc'><strong>»</strong></span> <span class='ocrx_word' id='word_1_15' title='bbox 967 1359 1008 1437; x_wconf 83' lang='lat' dir='ltr'>dc</span> <span class='ocrx_word' id='word_1_16' title='bbox 1029 1269 1190 1440; x_wconf 67' lang='lat' dir='ltr'>fiderdm</span> <span class='ocrx_word' id='word_1_17' title='bbox 1212 1360 1335 1439; x_wconf 91' lang='lat' dir='ltr'>motui</span> <span class='ocrx_word' id='word_1_18' title='bbox 1355 1271 1608 1468; x_wconf 59' lang='lat' dir='ltr'>expilicando,</span> <span class='ocrx_word' id='word_1_19' title='bbox 1635 1269 2029 1468; x_wconf 70' lang='lat' dir='ltr'>³capiimepconducitt</span> <span class='ocrx_word' id='word_1_20' title='bbox 2062 1331 2235 1468; x_wconf 84' lang='lat' dir='ltr'>quamvis</span> <span class='ocrx_word' id='word_1_21' title='bbox 2265 1298 2345 1438; x_wconf 49' lang='lat' dir='ltr'>cer:</span> 
     </span>
    </p>
   </div>
   <div class='ocr_carea' id='block_1_2' title="bbox 963 1465 2344 1699">
    <p class='ocr_par' dir='ltr' id='par_1_3' title="bbox 963 1465 2344 1699">
     <span class='ocr_line' id='line_1_5' title="bbox 966 1465 2344 1582; baseline -0.001 -29"><span class='ocrx_word' id='word_1_22' title='bbox 966 1471 1016 1553; x_wconf 89' lang='lat' dir='ltr'>tis</span> <span class='ocrx_word' id='word_1_23' title='bbox 1034 1475 1075 1553; x_wconf 76' lang='grc' dir='ltr'>δι</span> <span class='ocrx_word' id='word_1_24' title='bbox 1101 1473 1249 1554; x_wconf 74' lang='lat' dir='ltr'>invidiis</span> <span class='ocrx_word' id='word_1_25' title='bbox 1267 1466 1501 1582; x_wconf 72' lang='lat' dir='ltr'>argumentis</span> <span class='ocrx_word' id='word_1_26' title='bbox 1522 1474 1726 1558; x_wconf 89' lang='lat' dir='ltr'>veritatem</span> <span class='ocrx_word' id='word_1_27' title='bbox 1755 1471 1854 1556; x_wconf 88' lang='lat' dir='ltr'>illius</span> <span class='ocrx_word' id='word_1_28' title='bbox 1881 1471 2138 1557; x_wconf 89' lang='lat' dir='ltr'>demonstrare</span> <span class='ocrx_word' id='word_1_29' title='bbox 2156 1497 2235 1554; x_wconf 95' lang='lat' dir='ltr'>non</span> <span class='ocrx_word' id='word_1_30' title='bbox 2257 1465 2344 1580; x_wconf 84' lang='lat' dir='ltr'>pos-</span> 
     </span>
     <span class='ocr_line' id='line_1_6' title="bbox 963 1581 2344 1699; baseline 0 -31"><span class='ocrx_word' id='word_1_31' title='bbox 963 1584 1064 1676; x_wconf 78' lang='lat' dir='ltr'>-smts</span> <span class='ocrx_word' id='word_1_32' title='bbox 1095 1581 1161 1670; x_wconf 88' lang='lat' dir='ltr'>sed</span> <span class='ocrx_word' id='word_1_33' title='bbox 1182 1612 1261 1670; x_wconf 91' lang='lat' dir='ltr'>tarn</span> <span class='ocrx_word' id='word_1_34' title='bbox 1280 1588 1348 1671; x_wconf 89' lang='lat' dir='ltr'>diu</span> <span class='ocrx_word' id='word_1_35' title='bbox 1362 1591 1471 1672; x_wconf 89' lang='lat' dir='ltr'>illam</span> <span class='ocrx_word' id='word_1_36' title='bbox 1483 1591 1670 1686; x_wconf 87' lang='lat' dir='ltr'>retinent,</span> <span class='ocrx_word' id='word_1_37' title='bbox 1702 1587 1830 1672; x_wconf 91' lang='lat' dir='ltr'>donec</span> <span class='ocrx_word' id='word_1_38' title='bbox 1840 1588 1914 1672; x_wconf 89' lang='lat' dir='ltr'>alia</span> <span class='ocrx_word' id='word_1_39' title='bbox 1925 1586 2165 1699; x_wconf 87' lang='lat' dir='ltr'>probabilior</span> <span class='ocrx_word' id='word_1_40' title='bbox 2184 1589 2223 1667; x_wconf 83' lang='grc' dir='ltr'>δι</span> <span class='ocrx_word' id='word_1_41' title='bbox 2237 1611 2344 1668; x_wconf 91' lang='lat' dir='ltr'>com·</span> 
     </span>
    </p>
   </div>
   <div class='ocr_carea' id='block_1_3' title="bbox 782 1694 2345 1815">
    <p class='ocr_par' dir='ltr' id='par_1_4' title="bbox 782 1694 2345 1815">
     <span class='ocr_line' id='line_1_7' title="bbox 782 1694 2345 1815; baseline 0 -31"><span class='ocrx_word' id='word_1_42' title='bbox 782 1694 785 1701; x_wconf 73' lang='grc'>’</span> <span class='ocrx_word' id='word_1_43' title='bbox 841 1805 843 1808; x_wconf 17' lang='lat'>¹</span> <span class='ocrx_word' id='word_1_44' title='bbox 967 1699 1125 1784; x_wconf 92' lang='lat' dir='ltr'>modior</span> <span class='ocrx_word' id='word_1_45' title='bbox 1146 1703 1323 1788; x_wconf 90' lang='lat' dir='ltr'>inlucem</span> <span class='ocrx_word' id='word_1_46' title='bbox 1333 1705 1523 1815; x_wconf 87' lang='lat' dir='ltr'>prodeat:</span> <span class='ocrx_word' id='word_1_47' title='bbox 1544 1706 1659 1788; x_wconf 90' lang='lat' dir='ltr'>liceat</span> <span class='ocrx_word' id='word_1_48' title='bbox 1676 1701 1724 1786; x_wconf 88' lang='lat' dir='ltr'>stc</span> <span class='ocrx_word' id='word_1_49' title='bbox 1747 1705 1888 1802; x_wconf 90' lang='lat' dir='ltr'>etiarn,</span> <span class='ocrx_word' id='word_1_50' title='bbox 1920 1708 1960 1786; x_wconf 78' lang='grc' dir='ltr'>δι</span> <span class='ocrx_word' id='word_1_51' title='bbox 1979 1699 2042 1786; x_wconf 89' lang='lat' dir='ltr'>hic</span> <span class='ocrx_word' id='word_1_52' title='bbox 2056 1729 2230 1812; x_wconf 88' lang='lat' dir='ltr'>ponere,</span> <span class='ocrx_word' id='word_1_53' title='bbox 2260 1727 2345 1810; x_wconf 85' lang='lat' dir='ltr'>quae</span> 
     </span>
    </p>
   </div>
   <div class='ocr_carea' id='block_1_4' title="bbox 846 1815 2346 3087">
    <p class='ocr_par' dir='ltr' id='par_1_5' title="bbox 846 1815 2346 3087">
     <span class='ocr_line' id='line_1_8' title="bbox 935 1815 2344 2044; baseline 0.001 -31"><span class='ocrx_word' id='word_1_54' title='bbox 935 1815 1938 2032; x_wconf 56' lang='lat' dir='ltr'>-{llllllttmlilrl‘lssllllllffllnl?</span> <span class='ocrx_word' id='word_1_55' title='bbox 1950 1839 2344 2044; x_wconf 60' lang='lat' dir='ltr'>imiid‘iiniiiil</span> 
     </span>
     <span class='ocr_line' id='line_1_9' title="bbox 876 2043 2344 2164; baseline -0.001 -35"><span class='ocrx_word' id='word_1_56' title='bbox 876 2063 879 2066; x_wconf 52' lang='lat'><strong>⁴</strong></span> <span class='ocrx_word' id='word_1_57' title='bbox 966 2049 1101 2132; x_wconf 87' lang='lat' dir='ltr'>ticulas</span> <span class='ocrx_word' id='word_1_58' title='bbox 1124 2049 1206 2132; x_wconf 89' lang='lat' dir='ltr'>illas</span> <span class='ocrx_word' id='word_1_59' title='bbox 1231 2050 1306 2150; x_wconf 84' lang='lat' dir='ltr'>fic,</span> <span class='ocrx_word' id='word_1_60' title='bbox 1338 2059 1378 2134; x_wconf 75' lang='lat' dir='ltr'>dc</span> <span class='ocrx_word' id='word_1_61' title='bbox 1404 2081 1484 2136; x_wconf 94' lang='lat' dir='ltr'>non</span> <span class='ocrx_word' id='word_1_62' title='bbox 1507 2053 1641 2149; x_wconf 91' lang='lat' dir='ltr'>aliter,</span> <span class='ocrx_word' id='word_1_63' title='bbox 1672 2049 1846 2164; x_wconf 88' lang='lat' dir='ltr'>figuratas</span> <span class='ocrx_word' id='word_1_64' title='bbox 1872 2045 1959 2164; x_wconf 79' lang='lat' dir='ltr'>else.</span> <span class='ocrx_word' id='word_1_65' title='bbox 2019 2043 2213 2132; x_wconf 78' lang='lat' dir='ltr'>Particulae</span> <span class='ocrx_word' id='word_1_66' title='bbox 2240 2048 2344 2129; x_wconf 92' lang='lat' dir='ltr'>enirn</span> 
     </span>
     <span class='ocr_line' id='line_1_10' title="bbox 966 2161 2342 2280; baseline 0.006 -36"><span class='ocrx_word' id='word_1_67' title='bbox 966 2164 1068 2245; x_wconf 86' lang='lat' dir='ltr'>acidi</span> <span class='ocrx_word' id='word_1_68' title='bbox 1090 2163 1237 2248; x_wconf 90' lang='lat' dir='ltr'>debent</span> <span class='ocrx_word' id='word_1_69' title='bbox 1259 2170 1385 2279; x_wconf 91' lang='lat' dir='ltr'>primo</span> <span class='ocrx_word' id='word_1_70' title='bbox 1409 2165 1483 2254; x_wconf 86' lang='lat' dir='ltr'>elle</span> <span class='ocrx_word' id='word_1_71' title='bbox 1513 2161 1722 2280; x_wconf 82' lang='lat' dir='ltr'>anguosae,</span> <span class='ocrx_word' id='word_1_72' title='bbox 1762 2167 1854 2277; x_wconf 85' lang='lat' dir='ltr'>quia</span> <span class='ocrx_word' id='word_1_73' title='bbox 1878 2167 1955 2248; x_wconf 91' lang='lat' dir='ltr'>hoc</span> <span class='ocrx_word' id='word_1_74' title='bbox 1975 2187 2082 2278; x_wconf 91' lang='lat' dir='ltr'>patet</span> <span class='ocrx_word' id='word_1_75' title='bbox 2111 2193 2160 2248; x_wconf 83' lang='lat' dir='ltr'>ex</span> <span class='ocrx_word' id='word_1_76' title='bbox 2192 2163 2299 2274; x_wconf 88' lang='lat' dir='ltr'>gustu</span> <span class='ocrx_word' id='word_1_77' title='bbox 2328 2193 2342 2252; x_wconf 80' lang='lat' dir='ltr'>s</span> 
     </span>
     <span class='ocr_line' id='line_1_11' title="bbox 966 2276 2344 2394; baseline 0.001 -35"><span class='ocrx_word' id='word_1_78' title='bbox 966 2304 1057 2360; x_wconf 90' lang='lat' dir='ltr'>nam</span> <span class='ocrx_word' id='word_1_79' title='bbox 1080 2278 1107 2360; x_wconf 88' lang='lat' dir='ltr'>fi</span> <span class='ocrx_word' id='word_1_80' title='bbox 1132 2276 1250 2366; x_wconf 86' lang='lat' dir='ltr'>ellent</span> <span class='ocrx_word' id='word_1_81' title='bbox 1276 2283 1390 2369; x_wconf 82' lang='lat' dir='ltr'>laeves</span> <span class='ocrx_word' id='word_1_82' title='bbox 1402 2342 1416 2382; x_wconf 96' lang='lat'>,</span> <span class='ocrx_word' id='word_1_83' title='bbox 1447 2283 1512 2368; x_wconf 91' lang='lat' dir='ltr'>vel</span> <span class='ocrx_word' id='word_1_84' title='bbox 1531 2307 1698 2381; x_wconf 88' lang='lat' dir='ltr'>teretes,</span> <span class='ocrx_word' id='word_1_85' title='bbox 1729 2280 1899 2394; x_wconf 87' lang='lat' dir='ltr'>linguam</span> <span class='ocrx_word' id='word_1_86' title='bbox 1914 2308 1996 2366; x_wconf 94' lang='lat' dir='ltr'>non</span> <span class='ocrx_word' id='word_1_87' title='bbox 2009 2283 2063 2364; x_wconf 85' lang='lat' dir='ltr'>ita</span> <span class='ocrx_word' id='word_1_88' title='bbox 2071 2279 2344 2364; x_wconf 84' lang='lat' dir='ltr'>vellicarent&amp;</span> 
     </span>
     <span class='ocr_line' id='line_1_12' title="bbox 846 2390 2345 2510; baseline 0 -34"><span class='ocrx_word' id='word_1_89' title='bbox 846 2399 850 2406; x_wconf 83' lang='grc'><strong>’</strong></span> <span class='ocrx_word' id='word_1_90' title='bbox 964 2391 1071 2505; x_wconf 83' lang='lat' dir='ltr'>quast</span> <span class='ocrx_word' id='word_1_91' title='bbox 1089 2422 1302 2509; x_wconf 88' lang='lat' dir='ltr'>pungerent</span> <span class='ocrx_word' id='word_1_92' title='bbox 1325 2433 1336 2481; x_wconf 85' lang='grc' dir='ltr'><strong>ι</strong></span> <span class='ocrx_word' id='word_1_93' title='bbox 1367 2397 1538 2498; x_wconf 78' lang='lat' dir='ltr'>demde,</span> <span class='ocrx_word' id='word_1_94' title='bbox 1569 2398 1619 2482; x_wconf 90' lang='lat' dir='ltr'>ab</span> <span class='ocrx_word' id='word_1_95' title='bbox 1644 2397 1751 2480; x_wconf 92' lang='lat' dir='ltr'>omni</span> <span class='ocrx_word' id='word_1_96' title='bbox 1771 2421 1877 2507; x_wconf 91' lang='lat' dir='ltr'>parte</span> <span class='ocrx_word' id='word_1_97' title='bbox 1898 2397 2093 2510; x_wconf 79' lang='lat' dir='ltr'>aqualiter</span> <span class='ocrx_word' id='word_1_98' title='bbox 2115 2391 2261 2506; x_wconf 81' lang='lat' dir='ltr'>angulis</span> <span class='ocrx_word' id='word_1_99' title='bbox 2275 2390 2345 2476; x_wconf 89' lang='lat' dir='ltr'>de·</span> 
     </span>
     <span class='ocr_line' id='line_1_13' title="bbox 966 2507 2344 2617; baseline -0.002 -25"><span class='ocrx_word' id='word_1_100' title='bbox 966 2508 1063 2593; x_wconf 94' lang='lat' dir='ltr'>bent</span> <span class='ocrx_word' id='word_1_101' title='bbox 1084 2507 1157 2595; x_wconf 81' lang='lat' dir='ltr'>elle</span> <span class='ocrx_word' id='word_1_102' title='bbox 1178 2514 1384 2617; x_wconf 71' lang='lat' dir='ltr'>instrudiaer</span> <span class='ocrx_word' id='word_1_103' title='bbox 1417 2541 1531 2614; x_wconf 87' lang='lat' dir='ltr'>narn,</span> <span class='ocrx_word' id='word_1_104' title='bbox 1563 2513 1589 2598; x_wconf 91' lang='lat' dir='ltr'>st</span> <span class='ocrx_word' id='word_1_105' title='bbox 1610 2512 1753 2617; x_wconf 83' lang='lat' dir='ltr'>alicubi</span> <span class='ocrx_word' id='word_1_106' title='bbox 1774 2509 1892 2598; x_wconf 75' lang='lat' dir='ltr'>essent</span> <span class='ocrx_word' id='word_1_107' title='bbox 1916 2514 2053 2613; x_wconf 76' lang='lat' dir='ltr'>laves,</span> <span class='ocrx_word' id='word_1_108' title='bbox 2083 2509 2190 2595; x_wconf 87' lang='lat' dir='ltr'>ficuti</span> <span class='ocrx_word' id='word_1_109' title='bbox 2209 2534 2344 2606; x_wconf 89' lang='lat' dir='ltr'>conus,</span> 
     </span>
     <span class='ocr_line' id='line_1_14' title="bbox 965 2617 2345 2740; baseline -0.001 -34"><span class='ocrx_word' id='word_1_110' title='bbox 965 2623 1088 2734; x_wconf 84' lang='lat' dir='ltr'>pollet</span> <span class='ocrx_word' id='word_1_111' title='bbox 1114 2625 1196 2708; x_wconf 88' lang='lat' dir='ltr'>fieri</span> <span class='ocrx_word' id='word_1_112' title='bbox 1223 2651 1291 2726; x_wconf 92' lang='lat' dir='ltr'>ut,</span> <span class='ocrx_word' id='word_1_113' title='bbox 1321 2629 1435 2714; x_wconf 90' lang='lat' dir='ltr'>acido</span> <span class='ocrx_word' id='word_1_114' title='bbox 1457 2658 1544 2716; x_wconf 90' lang='lat' dir='ltr'>cum</span> <span class='ocrx_word' id='word_1_115' title='bbox 1566 2630 1675 2712; x_wconf 90' lang='lat' dir='ltr'>alcali</span> <span class='ocrx_word' id='word_1_116' title='bbox 1700 2629 2001 2740; x_wconf 85' lang='lat' dir='ltr'>congrediente,</span> <span class='ocrx_word' id='word_1_117' title='bbox 2040 2627 2146 2711; x_wconf 87' lang='lat' dir='ltr'>nulla</span> <span class='ocrx_word' id='word_1_118' title='bbox 2170 2617 2345 2710; x_wconf 84' lang='lat' dir='ltr'>efferves-</span> 
     </span>
     <span class='ocr_line' id='line_1_15' title="bbox 966 2737 2346 2857; baseline 0.002 -38"><span class='ocrx_word' id='word_1_119' title='bbox 966 2741 1095 2823; x_wconf 81' lang='lat' dir='ltr'>centia</span> <span class='ocrx_word' id='word_1_120' title='bbox 1119 2743 1368 2834; x_wconf 79' lang='lat' dir='ltr'>eucitaretutr</span> <span class='ocrx_word' id='word_1_121' title='bbox 1399 2742 1549 2857; x_wconf 76' lang='lat' dir='ltr'>possent</span> <span class='ocrx_word' id='word_1_122' title='bbox 1571 2747 1674 2828; x_wconf 90' lang='lat' dir='ltr'>enim</span> <span class='ocrx_word' id='word_1_123' title='bbox 1696 2743 1796 2827; x_wconf 87' lang='lat' dir='ltr'>acidi</span> <span class='ocrx_word' id='word_1_124' title='bbox 1813 2744 2081 2856; x_wconf 86' lang='lat' dir='ltr'>particularum</span> <span class='ocrx_word' id='word_1_125' title='bbox 2111 2737 2227 2824; x_wconf 86' lang='lat' dir='ltr'>facies</span> <span class='ocrx_word' id='word_1_126' title='bbox 2262 2765 2346 2822; x_wconf 91' lang='lat' dir='ltr'>non</span> 
     </span>
     <span class='ocr_line' id='line_1_16' title="bbox 964 2848 2345 2971; baseline -0.001 -33"><span class='ocrx_word' id='word_1_127' title='bbox 964 2848 1154 2966; x_wconf 75' lang='lat' dir='ltr'>angulose</span> <span class='ocrx_word' id='word_1_128' title='bbox 1178 2857 1390 2971; x_wconf 86' lang='lat' dir='ltr'>impingere</span> <span class='ocrx_word' id='word_1_129' title='bbox 1409 2862 1449 2942; x_wconf 91' lang='lat' dir='ltr'>in</span> <span class='ocrx_word' id='word_1_130' title='bbox 1498 2859 1671 2944; x_wconf 82' lang='lat' dir='ltr'>aniculas</span> <span class='ocrx_word' id='word_1_131' title='bbox 1687 2858 1823 2956; x_wconf 87' lang='lat' dir='ltr'>alcali,</span> <span class='ocrx_word' id='word_1_132' title='bbox 1854 2863 1895 2942; x_wconf 84' lang='lat' dir='ltr'>dc</span> <span class='ocrx_word' id='word_1_133' title='bbox 1918 2857 1967 2942; x_wconf 89' lang='lat' dir='ltr'>stc</span> <span class='ocrx_word' id='word_1_134' title='bbox 1997 2857 2065 2942; x_wconf 87' lang='lat' dir='ltr'>has</span> <span class='ocrx_word' id='word_1_135' title='bbox 2083 2883 2165 2940; x_wconf 93' lang='lat' dir='ltr'>non</span> <span class='ocrx_word' id='word_1_136' title='bbox 2198 2853 2345 2940; x_wconf 83' lang='lat' dir='ltr'>diffrin-</span> 
     </span>
     <span class='ocr_line' id='line_1_17' title="bbox 962 2888 2345 3087; baseline 0 -34"><span class='ocrx_word' id='word_1_137' title='bbox 962 2992 1121 3081; x_wconf 89' lang='lat' dir='ltr'>gerent,</span> <span class='ocrx_word' id='word_1_138' title='bbox 1152 2973 1375 3086; x_wconf 85' lang='lat' dir='ltr'>nullamque</span> <span class='ocrx_word' id='word_1_139' title='bbox 1388 2888 1995 3087; x_wconf 64' lang='lat' dir='ltr'>conliquentereffervescennam</span> <span class='ocrx_word' id='word_1_140' title='bbox 2007 2995 2181 3083; x_wconf 88' lang='lat' dir='ltr'>parerent</span> <span class='ocrx_word' id='word_1_141' title='bbox 2201 3003 2212 3054; x_wconf 80' lang='lat' dir='ltr'>r</span> <span class='ocrx_word' id='word_1_142' title='bbox 2232 2968 2345 3084; x_wconf 91' lang='lat' dir='ltr'>quod</span> 
     </span>
    </p>
   </div>
   <div class='ocr_carea' id='block_1_5' title="bbox 818 3081 2344 3196">
    <p class='ocr_par' dir='ltr' id='par_1_6' title="bbox 818 3081 2344 3196">
     <span class='ocr_line' id='line_1_18' title="bbox 818 3081 2344 3196; baseline 0.001 -27"><span class='ocrx_word' id='word_1_143' title='bbox 818 3164 822 3169; x_wconf 75' lang='grc'>,</span> <span class='ocrx_word' id='word_1_144' title='bbox 964 3106 1095 3170; x_wconf 88' lang='lat' dir='ltr'>autem</span> <span class='ocrx_word' id='word_1_145' title='bbox 1118 3081 1308 3196; x_wconf 87' lang='lat' dir='ltr'>posuerim</span> <span class='ocrx_word' id='word_1_146' title='bbox 1329 3090 1414 3172; x_wconf 87' lang='lat' dir='ltr'>illas</span> <span class='ocrx_word' id='word_1_147' title='bbox 1435 3086 1510 3174; x_wconf 84' lang='lat' dir='ltr'>else</span> <span class='ocrx_word' id='word_1_148' title='bbox 1535 3087 1750 3185; x_wconf 71' lang='lat' dir='ltr'>tetraedra,</span> <span class='ocrx_word' id='word_1_149' title='bbox 1781 3093 1822 3170; x_wconf 77' lang='grc' dir='ltr'>δι</span> <span class='ocrx_word' id='word_1_150' title='bbox 1846 3114 1927 3170; x_wconf 92' lang='lat' dir='ltr'>non</span> <span class='ocrx_word' id='word_1_151' title='bbox 1954 3087 2099 3186; x_wconf 88' lang='lat' dir='ltr'>cubos,</span> <span class='ocrx_word' id='word_1_152' title='bbox 2129 3087 2195 3171; x_wconf 88' lang='lat' dir='ltr'>vel</span> <span class='ocrx_word' id='word_1_153' title='bbox 2214 3090 2344 3171; x_wconf 73' lang='lat' dir='ltr'>octat·</span> 
     </span>
    </p>
   </div>
   <div class='ocr_carea' id='block_1_6' title="bbox 965 3197 2343 3316">
    <p class='ocr_par' dir='ltr' id='par_1_7' title="bbox 965 3197 2343 3316">
     <span class='ocr_line' id='line_1_19' title="bbox 965 3197 2343 3316; baseline 0.002 -35"><span class='ocrx_word' id='word_1_154' title='bbox 965 3199 1055 3297; x_wconf 87' lang='lat' dir='ltr'>dra,</span> <span class='ocrx_word' id='word_1_155' title='bbox 1085 3201 1152 3284; x_wconf 87' lang='lat' dir='ltr'>vel</span> <span class='ocrx_word' id='word_1_156' title='bbox 1171 3203 1244 3284; x_wconf 85' lang='lat' dir='ltr'>alia</span> <span class='ocrx_word' id='word_1_157' title='bbox 1261 3231 1310 3285; x_wconf 93' lang='lat' dir='ltr'>co</span> <span class='ocrx_word' id='word_1_158' title='bbox 1355 3227 1425 3287; x_wconf 86' lang='lat' dir='ltr'>ora</span> <span class='ocrx_word' id='word_1_159' title='bbox 1447 3203 1654 3316; x_wconf 81' lang='lat' dir='ltr'>regularia,</span> <span class='ocrx_word' id='word_1_160' title='bbox 1669 3228 1754 3312; x_wconf 83' lang='lat' dir='ltr'>quae</span> <span class='ocrx_word' id='word_1_161' title='bbox 1776 3203 1892 3284; x_wconf 88' lang='lat' dir='ltr'>etiarn</span> <span class='ocrx_word' id='word_1_162' title='bbox 1915 3201 2161 3314; x_wconf 87' lang='lat' dir='ltr'>undiquaque</span> <span class='ocrx_word' id='word_1_163' title='bbox 2189 3197 2343 3312; x_wconf 83' lang='lat' dir='ltr'>aequali·</span> 
     </span>
    </p>
   </div>
   <div class='ocr_carea' id='block_1_7' title="bbox 823 3312 2342 3426">
    <p class='ocr_par' dir='ltr' id='par_1_8' title="bbox 823 3312 2342 3426">
     <span class='ocr_line' id='line_1_20' title="bbox 823 3312 2342 3426; baseline 0.001 -32"><span class='ocrx_word' id='word_1_164' title='bbox 823 3313 827 3320; x_wconf 82' lang='grc'>’</span> <span class='ocrx_word' id='word_1_165' title='bbox 964 3333 1024 3394; x_wconf 92' lang='lat' dir='ltr'>ter</span> <span class='ocrx_word' id='word_1_166' title='bbox 1053 3316 1200 3423; x_wconf 90' lang='lat' dir='ltr'>angulis</span> <span class='ocrx_word' id='word_1_167' title='bbox 1223 3312 1294 3398; x_wconf 87' lang='lat' dir='ltr'>suis</span> <span class='ocrx_word' id='word_1_168' title='bbox 1325 3341 1393 3398; x_wconf 89' lang='lat' dir='ltr'>unt</span> <span class='ocrx_word' id='word_1_169' title='bbox 1409 3321 1575 3406; x_wconf 75' lang='lat' dir='ltr'>munitat</span> <span class='ocrx_word' id='word_1_170' title='bbox 1608 3318 1684 3398; x_wconf 94' lang='lat' dir='ltr'>hoc</span> <span class='ocrx_word' id='word_1_171' title='bbox 1705 3315 1798 3400; x_wconf 90' lang='lat' dir='ltr'>ideo</span> <span class='ocrx_word' id='word_1_172' title='bbox 1823 3315 1960 3401; x_wconf 65' lang='lat' dir='ltr'>fastum</span> <span class='ocrx_word' id='word_1_173' title='bbox 1984 3317 2063 3415; x_wconf 93' lang='lat' dir='ltr'>est,</span> <span class='ocrx_word' id='word_1_174' title='bbox 2094 3317 2185 3426; x_wconf 89' lang='lat' dir='ltr'>quia</span> <span class='ocrx_word' id='word_1_175' title='bbox 2202 3320 2342 3398; x_wconf 70' lang='lat' dir='ltr'>tetrae·</span> 
     </span>
    </p>
   </div>
   <div class='ocr_carea' id='block_1_8' title="bbox 855 3424 2345 4676">
    <p class='ocr_par' dir='ltr' id='par_1_9' title="bbox 855 3424 2345 4676">
     <span class='ocr_line' id='line_1_21' title="bbox 966 3424 2343 3542; baseline 0.004 -36"><span class='ocrx_word' id='word_1_176' title='bbox 966 3424 1104 3522; x_wconf 90' lang='lat' dir='ltr'>drum,</span> <span class='ocrx_word' id='word_1_177' title='bbox 1134 3429 1234 3510; x_wconf 91' lang='lat' dir='ltr'>inter</span> <span class='ocrx_word' id='word_1_178' title='bbox 1254 3455 1419 3537; x_wconf 87' lang='lat' dir='ltr'>corpora</span> <span class='ocrx_word' id='word_1_179' title='bbox 1441 3433 1651 3542; x_wconf 89' lang='lat' dir='ltr'>regularia,</span> <span class='ocrx_word' id='word_1_180' title='bbox 1682 3430 1906 3516; x_wconf 77' lang='lat' dir='ltr'>acutill&#39;rmos</span> <span class='ocrx_word' id='word_1_181' title='bbox 1928 3431 2047 3516; x_wconf 89' lang='lat' dir='ltr'>habet</span> <span class='ocrx_word' id='word_1_182' title='bbox 2070 3431 2253 3542; x_wconf 88' lang='lat' dir='ltr'>angulos,</span> <span class='ocrx_word' id='word_1_183' title='bbox 2300 3434 2343 3512; x_wconf 83' lang='lat' dir='ltr'>dt</span> 
     </span>
     <span class='ocr_line' id='line_1_22' title="bbox 966 3535 2345 3656; baseline 0.004 -34"><span class='ocrx_word' id='word_1_184' title='bbox 966 3535 1017 3622; x_wconf 89' lang='lat' dir='ltr'>stc</span> <span class='ocrx_word' id='word_1_185' title='bbox 1041 3539 1092 3622; x_wconf 91' lang='lat' dir='ltr'>ad</span> <span class='ocrx_word' id='word_1_186' title='bbox 1115 3537 1412 3653; x_wconf 83' lang='lat' dir='ltr'>diffringendum</span> <span class='ocrx_word' id='word_1_187' title='bbox 1433 3543 1636 3656; x_wconf 85' lang='lat' dir='ltr'>aptillimos</span> <span class='ocrx_word' id='word_1_188' title='bbox 1660 3579 1669 3629; x_wconf 83' lang='grc' dir='ltr'><strong>ι</strong></span> <span class='ocrx_word' id='word_1_189' title='bbox 1694 3573 1767 3631; x_wconf 93' lang='lat' dir='ltr'>nec</span> <span class='ocrx_word' id='word_1_190' title='bbox 1799 3550 1916 3632; x_wconf 88' lang='lat' dir='ltr'>etiam</span> <span class='ocrx_word' id='word_1_191' title='bbox 1945 3545 2152 3632; x_wconf 75' lang='lat' dir='ltr'>commode</span> <span class='ocrx_word' id='word_1_192' title='bbox 2190 3542 2345 3656; x_wconf 85' lang='lat' dir='ltr'>pollunt</span> 
     </span>
     <span class='ocr_line' id='line_1_23' title="bbox 855 3649 2343 3774; baseline 0.005 -38"><span class='ocrx_word' id='word_1_193' title='bbox 855 3713 858 3719; x_wconf 79' lang='lat'>·</span> <span class='ocrx_word' id='word_1_194' title='bbox 967 3649 1041 3737; x_wconf 86' lang='lat' dir='ltr'>effe</span> <span class='ocrx_word' id='word_1_195' title='bbox 1064 3682 1228 3765; x_wconf 86' lang='lat' dir='ltr'>corpora</span> <span class='ocrx_word' id='word_1_196' title='bbox 1244 3657 1482 3771; x_wconf 77' lang='lat' dir='ltr'>irregularia,</span> <span class='ocrx_word' id='word_1_197' title='bbox 1515 3685 1558 3744; x_wconf 92' lang='lat' dir='ltr'>ut</span> <span class='ocrx_word' id='word_1_198' title='bbox 1581 3689 1642 3744; x_wconf 86' lang='lat' dir='ltr'>ex.</span> <span class='ocrx_word' id='word_1_199' title='bbox 1669 3689 1725 3774; x_wconf 90' lang='lat' dir='ltr'>gr.</span> <span class='ocrx_word' id='word_1_200' title='bbox 1739 3662 1976 3774; x_wconf 71' lang='lat' dir='ltr'>pyramidem</span> <span class='ocrx_word' id='word_1_201' title='bbox 2009 3689 2097 3772; x_wconf 89' lang='lat' dir='ltr'>nam</span> <span class='ocrx_word' id='word_1_202' title='bbox 2121 3690 2202 3774; x_wconf 93' lang='lat' dir='ltr'>quo</span> <span class='ocrx_word' id='word_1_203' title='bbox 2222 3687 2343 3772; x_wconf 88' lang='lat' dir='ltr'>angu-</span> 
     </span>
     <span class='ocr_line' id='line_1_24' title="bbox 965 3771 2343 3890; baseline 0.003 -36"><span class='ocrx_word' id='word_1_204' title='bbox 965 3771 995 3854; x_wconf 93' lang='lat' dir='ltr'>li</span> <span class='ocrx_word' id='word_1_205' title='bbox 1020 3773 1220 3854; x_wconf 83' lang='lat' dir='ltr'>verticales</span> <span class='ocrx_word' id='word_1_206' title='bbox 1244 3774 1282 3854; x_wconf 93' lang='lat' dir='ltr'>in</span> <span class='ocrx_word' id='word_1_207' title='bbox 1301 3777 1500 3886; x_wconf 88' lang='lat' dir='ltr'>pyramide</span> <span class='ocrx_word' id='word_1_208' title='bbox 1526 3779 1713 3862; x_wconf 89' lang='lat' dir='ltr'>acutiores</span> <span class='ocrx_word' id='word_1_209' title='bbox 1755 3775 1861 3879; x_wconf 91' lang='lat' dir='ltr'>sunt,</span> <span class='ocrx_word' id='word_1_210' title='bbox 1892 3807 1942 3864; x_wconf 91' lang='lat' dir='ltr'>eo</span> <span class='ocrx_word' id='word_1_211' title='bbox 1979 3779 2107 3890; x_wconf 78' lang='lat' dir='ltr'>anguli</span> <span class='ocrx_word' id='word_1_212' title='bbox 2143 3775 2193 3860; x_wconf 89' lang='lat' dir='ltr'>ad</span> <span class='ocrx_word' id='word_1_213' title='bbox 2210 3774 2343 3886; x_wconf 78' lang='lat' dir='ltr'>¹basun</span> 
     </span>
     <span class='ocr_line' id='line_1_25' title="bbox 963 3879 2345 4006; baseline 0.003 -36"><span class='ocrx_word' id='word_1_214' title='bbox 963 3879 1050 3984; x_wconf 83' lang='lat' dir='ltr'>sunt</span> <span class='ocrx_word' id='word_1_215' title='bbox 1075 3885 1311 3979; x_wconf 79' lang='lat' dir='ltr'>obtufioress</span> <span class='ocrx_word' id='word_1_216' title='bbox 1342 3895 1384 3972; x_wconf 81' lang='grc' dir='ltr'>δι</span> <span class='ocrx_word' id='word_1_217' title='bbox 1410 3891 1458 3974; x_wconf 88' lang='lat' dir='ltr'>fic</span> <span class='ocrx_word' id='word_1_218' title='bbox 1477 3888 1599 4002; x_wconf 80' lang='lat' dir='ltr'>pollet</span> <span class='ocrx_word' id='word_1_219' title='bbox 1618 3891 1813 3992; x_wconf 87' lang='lat' dir='ltr'>accidere,</span> <span class='ocrx_word' id='word_1_220' title='bbox 1843 3917 1887 3977; x_wconf 90' lang='lat' dir='ltr'>ut</span> <span class='ocrx_word' id='word_1_221' title='bbox 1904 3894 2033 4006; x_wconf 76' lang='lat' dir='ltr'>engtrli</span> <span class='ocrx_word' id='word_1_222' title='bbox 2056 3891 2181 3978; x_wconf 84' lang='lat' dir='ltr'>obrufi</span> <span class='ocrx_word' id='word_1_223' title='bbox 2203 3893 2345 4004; x_wconf 87' lang='lat' dir='ltr'>impin·</span> 
     </span>
     <span class='ocr_line' id='line_1_26' title="bbox 963 4003 2343 4120; baseline 0.005 -38"><span class='ocrx_word' id='word_1_224' title='bbox 963 4025 1143 4114; x_wconf 86' lang='lat' dir='ltr'>gerentur</span> <span class='ocrx_word' id='word_1_225' title='bbox 1154 4003 1194 4084; x_wconf 91' lang='lat' dir='ltr'>in</span> <span class='ocrx_word' id='word_1_226' title='bbox 1207 4004 1316 4086; x_wconf 85' lang='lat' dir='ltr'>alcali</span> <span class='ocrx_word' id='word_1_227' title='bbox 1329 4007 1551 4114; x_wconf 76' lang='lat' dir='ltr'>particulast</span> <span class='ocrx_word' id='word_1_228' title='bbox 1582 4036 1663 4120; x_wconf 92' lang='lat' dir='ltr'>quo</span> <span class='ocrx_word' id='word_1_229' title='bbox 1685 4003 1805 4093; x_wconf 83' lang='lat' dir='ltr'>trusus</span> <span class='ocrx_word' id='word_1_230' title='bbox 1823 4003 2105 4096; x_wconf 88' lang='lat' dir='ltr'>effervescentia</span> <span class='ocrx_word' id='word_1_231' title='bbox 2117 4007 2229 4120; x_wconf 89' lang='lat' dir='ltr'>plane</span> <span class='ocrx_word' id='word_1_232' title='bbox 2245 4035 2343 4106; x_wconf 94' lang='lat' dir='ltr'>non,</span> 
     </span>
     <span class='ocr_line' id='line_1_27' title="bbox 963 4109 2343 4238; baseline 0.006 -38"><span class='ocrx_word' id='word_1_233' title='bbox 963 4137 1032 4200; x_wconf 87' lang='lat' dir='ltr'>ant</span> <span class='ocrx_word' id='word_1_234' title='bbox 1056 4109 1188 4206; x_wconf 84' lang='lat' dir='ltr'>saltem</span> <span class='ocrx_word' id='word_1_235' title='bbox 1213 4117 1437 4220; x_wconf 87' lang='lat' dir='ltr'>difficulter,</span> <span class='ocrx_word' id='word_1_236' title='bbox 1467 4147 1739 4235; x_wconf 83' lang='lat' dir='ltr'>perageretur:</span> <span class='ocrx_word' id='word_1_237' title='bbox 1767 4149 1896 4210; x_wconf 88' lang='lat' dir='ltr'>manet</span> <span class='ocrx_word' id='word_1_238' title='bbox 1924 4153 2043 4238; x_wconf 91' lang='lat' dir='ltr'>ergo,</span> <span class='ocrx_word' id='word_1_239' title='bbox 2086 4123 2197 4236; x_wconf 91' lang='lat' dir='ltr'>quod</span> <span class='ocrx_word' id='word_1_240' title='bbox 2225 4124 2343 4236; x_wconf 86' lang='lat' dir='ltr'>parti-</span> 
     </span>
     <span class='ocr_line' id='line_1_28' title="bbox 964 4230 2344 4348; baseline 0.005 -32"><span class='ocrx_word' id='word_1_241' title='bbox 964 4231 1060 4316; x_wconf 84' lang='lat' dir='ltr'>culae</span> <span class='ocrx_word' id='word_1_242' title='bbox 1084 4230 1208 4330; x_wconf 89' lang='lat' dir='ltr'>acidi,</span> <span class='ocrx_word' id='word_1_243' title='bbox 1239 4236 1305 4318; x_wconf 91' lang='lat' dir='ltr'>vel</span> <span class='ocrx_word' id='word_1_244' title='bbox 1327 4239 1498 4348; x_wconf 86' lang='lat' dir='ltr'>corporis</span> <span class='ocrx_word' id='word_1_245' title='bbox 1520 4251 1683 4348; x_wconf 79' lang='lat' dir='ltr'>agentis,</span> <span class='ocrx_word' id='word_1_246' title='bbox 1713 4239 1997 4328; x_wconf 76' lang='lat' dir='ltr'>smrterratdra.</span> <span class='ocrx_word' id='word_1_247' title='bbox 2060 4237 2190 4347; x_wconf 82' lang='lat' dir='ltr'>Quod</span> <span class='ocrx_word' id='word_1_248' title='bbox 2211 4263 2344 4324; x_wconf 87' lang='lat' dir='ltr'>autem</span> 
     </span>
     <span class='ocr_line' id='line_1_29' title="bbox 962 4348 2342 4466; baseline 0.007 -36"><span class='ocrx_word' id='word_1_249' title='bbox 962 4348 1155 4459; x_wconf 75' lang='lat' dir='ltr'>particule</span> <span class='ocrx_word' id='word_1_250' title='bbox 1180 4348 1314 4448; x_wconf 84' lang='lat' dir='ltr'>alcali,</span> <span class='ocrx_word' id='word_1_251' title='bbox 1344 4354 1410 4436; x_wconf 86' lang='lat' dir='ltr'>vel</span> <span class='ocrx_word' id='word_1_252' title='bbox 1437 4356 1608 4464; x_wconf 88' lang='lat' dir='ltr'>corporis</span> <span class='ocrx_word' id='word_1_253' title='bbox 1639 4365 1838 4464; x_wconf 71' lang='lat' dir='ltr'>patienter,</span> <span class='ocrx_word' id='word_1_254' title='bbox 1879 4355 1950 4442; x_wconf 86' lang='lat' dir='ltr'>stnt</span> <span class='ocrx_word' id='word_1_255' title='bbox 1981 4379 2025 4440; x_wconf 89' lang='lat' dir='ltr'>ut</span> <span class='ocrx_word' id='word_1_256' title='bbox 2058 4351 2165 4466; x_wconf 91' lang='lat' dir='ltr'>supra</span> <span class='ocrx_word' id='word_1_257' title='bbox 2191 4357 2270 4466; x_wconf 89' lang='lat' dir='ltr'>hyp</span> <span class='ocrx_word' id='word_1_258' title='bbox 2300 4382 2342 4460; x_wconf 86' lang='lat'>3.</span> 
     </span>
     <span class='ocr_line' id='line_1_30' title="bbox 960 4457 2343 4584; baseline 0.006 -38"><span class='ocrx_word' id='word_1_259' title='bbox 960 4457 1070 4574; x_wconf 91' lang='lat' dir='ltr'>posui</span> <span class='ocrx_word' id='word_1_260' title='bbox 1091 4464 1418 4574; x_wconf 89' lang='lat' dir='ltr'>(concedendum</span> <span class='ocrx_word' id='word_1_261' title='bbox 1438 4469 1597 4582; x_wconf 91' lang='lat' dir='ltr'>quidem</span> <span class='ocrx_word' id='word_1_262' title='bbox 1607 4472 1682 4570; x_wconf 91' lang='lat' dir='ltr'>est,</span> <span class='ocrx_word' id='word_1_263' title='bbox 1713 4472 1825 4584; x_wconf 94' lang='lat' dir='ltr'>quod</span> <span class='ocrx_word' id='word_1_264' title='bbox 1846 4501 1927 4557; x_wconf 88' lang='lat' dir='ltr'>nort</span> <span class='ocrx_word' id='word_1_265' title='bbox 1940 4467 2087 4556; x_wconf 82' lang='lat' dir='ltr'>nccelle</span> <span class='ocrx_word' id='word_1_266' title='bbox 2103 4469 2160 4570; x_wconf 87' lang='lat' dir='ltr'>fit,</span> <span class='ocrx_word' id='word_1_267' title='bbox 2190 4493 2233 4552; x_wconf 91' lang='lat' dir='ltr'>nt</span> <span class='ocrx_word' id='word_1_268' title='bbox 2249 4493 2343 4554; x_wconf 85' lang='lat' dir='ltr'>exa-</span> 
     </span>
     <span class='ocr_line' id='line_1_31' title="bbox 963 4580 2342 4676; baseline 0.007 -17"><span class='ocrx_word' id='word_1_269' title='bbox 963 4580 1023 4659; x_wconf 78' lang='lat' dir='ltr'>dte</span> <span class='ocrx_word' id='word_1_270' title='bbox 1045 4581 1219 4664; x_wconf 89' lang='lat' dir='ltr'>constent</span> <span class='ocrx_word' id='word_1_271' title='bbox 1241 4609 1291 4666; x_wconf 85' lang='lat' dir='ltr'>ex</span> <span class='ocrx_word' id='word_1_272' title='bbox 1310 4583 1507 4670; x_wconf 71' lang='lat' dir='ltr'>tetraidris</span> <span class='ocrx_word' id='word_1_273' title='bbox 1529 4580 1633 4670; x_wconf 81' lang='lat' dir='ltr'>bases</span> <span class='ocrx_word' id='word_1_274' title='bbox 1656 4586 1724 4672; x_wconf 85' lang='lat' dir='ltr'>libi</span> <span class='ocrx_word' id='word_1_275' title='bbox 1745 4611 1882 4672; x_wconf 88' lang='lat' dir='ltr'>munro</span> <span class='ocrx_word' id='word_1_276' title='bbox 1902 4585 2218 4676; x_wconf 80' lang='lat' dir='ltr'>obvertentibust</span> <span class='ocrx_word' id='word_1_277' title='bbox 2249 4608 2342 4668; x_wconf 89' lang='lat' dir='ltr'>nam</span> 
     </span>
    </p>
   </div>
   <div class='ocr_carea' id='block_1_9' title="bbox 960 4689 2507 5146">
    <p class='ocr_par' dir='ltr' id='par_1_10' title="bbox 960 4689 2507 5146">
     <span class='ocr_line' id='line_1_32' title="bbox 961 4689 2343 4817; baseline 0.009 -44"><span class='ocrx_word' id='word_1_278' title='bbox 961 4689 1057 4775; x_wconf 89' lang='lat' dir='ltr'>loco</span> <span class='ocrx_word' id='word_1_279' title='bbox 1081 4695 1359 4783; x_wconf 73' lang='lat' dir='ltr'>emenonm</span> <span class='ocrx_word' id='word_1_280' title='bbox 1395 4728 1542 4812; x_wconf 90' lang='lat' dir='ltr'>ponere</span> <span class='ocrx_word' id='word_1_281' title='bbox 1567 4699 1711 4814; x_wconf 87' lang='lat' dir='ltr'>poffem</span> <span class='ocrx_word' id='word_1_282' title='bbox 1742 4703 1934 4817; x_wconf 84' lang='lat' dir='ltr'>quaslibet</span> <span class='ocrx_word' id='word_1_283' title='bbox 1968 4699 2184 4816; x_wconf 85' lang='lat' dir='ltr'>pyramides</span> <span class='ocrx_word' id='word_1_284' title='bbox 2221 4703 2343 4786; x_wconf 69' lang='lat' dir='ltr'>retias</span> 
     </span>
     <span class='ocr_line' id='line_1_33' title="bbox 960 4809 2342 4934; baseline 0.001 -36"><span class='ocrx_word' id='word_1_285' title='bbox 960 4809 1230 4920; x_wconf 80' lang='lat' dir='ltr'>triangulares,</span> <span class='ocrx_word' id='word_1_286' title='bbox 1260 4813 1478 4904; x_wconf 89' lang='lat' dir='ltr'>dummodo</span> <span class='ocrx_word' id='word_1_287' title='bbox 1497 4815 1665 4906; x_wconf 86' lang='lat' dir='ltr'>forment</span> <span class='ocrx_word' id='word_1_288' title='bbox 1683 4821 1842 4934; x_wconf 86' lang='lat' dir='ltr'>angulos</span> <span class='ocrx_word' id='word_1_289' title='bbox 1861 4813 2051 4920; x_wconf 88' lang='lat' dir='ltr'>stnuosos,</span> <span class='ocrx_word' id='word_1_290' title='bbox 2083 4818 2150 4932; x_wconf 88' lang='lat' dir='ltr'>qui</span> <span class='ocrx_word' id='word_1_291' title='bbox 2162 4841 2342 4902; x_wconf 88' lang='lat' dir='ltr'>commo·</span> 
     </span>
     <span class='ocr_line' id='line_1_34' title="bbox 960 4921 2507 5146; baseline 0.008 -126"><span class='ocrx_word' id='word_1_292' title='bbox 960 4921 1015 5030; x_wconf 74' lang='lat' dir='ltr'>dt</span> <span class='ocrx_word' id='word_1_293' title='bbox 1034 4926 1210 5042; x_wconf 82' lang='lat' dir='ltr'>excipere</span> <span class='ocrx_word' id='word_1_294' title='bbox 1232 4929 1370 5044; x_wconf 82' lang='lat' dir='ltr'>poffint</span> <span class='ocrx_word' id='word_1_295' title='bbox 1405 4935 1567 5050; x_wconf 83' lang='lat' dir='ltr'>angulos</span> <span class='ocrx_word' id='word_1_296' title='bbox 1600 4939 1863 5052; x_wconf 83' lang='lat' dir='ltr'>promittentes</span> <span class='ocrx_word' id='word_1_297' title='bbox 1892 4935 2158 5053; x_wconf 85' lang='lat' dir='ltr'>particularum</span> <span class='ocrx_word' id='word_1_298' title='bbox 2190 4927 2359 5146; x_wconf 43' lang='lat' dir='ltr'>qadim}</span> <span class='ocrx_word' id='word_1_299' title='bbox 2506 5061 2507 5066; x_wconf 7' lang='grc' dir='ltr'><strong><em>Ν</em></strong></span> 
     </span>
    </p>
   </div>
   <div class='ocr_carea' id='block_1_10' title="bbox 0 0 2754 6884">
    <p class='ocr_par' dir='ltr' id='par_1_11' title="bbox 0 0 2754 6884">
     <span class='ocr_line' id='line_1_35' title="bbox 0 0 2754 6884; baseline 0 2"><span class='ocrx_word' id='word_1_300' title='bbox 0 0 2754 6884; x_wconf 95' lang='lat' dir='ltr'> </span> 
     </span>
    </p>
   </div>
  </div>
 </body>
</html>
