5500 6884
986 900 1067 985 134
1096 869 1175 963 N⁰.
1188 866 1346 962 XXIII.
1376 870 1463 963 DE
1479 873 1673 966 C'URVA
1696 880 2234 997 AEQUILIBRATIONU,
2256 894 2332 975 διε.

867 1148 870 1155 ⁴
994 1142 999 1151 1
1042 1036 1175 1125 Placet
1195 1068 1297 1127 nunc
1328 1042 1531 1130 adnectere
1562 1040 1794 1131 solutionem
1818 1045 1988 1158 ejusdem
2011 1051 2284 1164 problematis,
2308 1042 2375 1133 sed

794 1147 960 1275 'lpum
984 1160 1212 1268 generaliter
1228 1160 1439 1274 propofiti,
1470 1191 1611 1276 nempe
1634 1162 1682 1246 fic
1710 1202 1719 1249 :
1751 1162 1860 1248 Data
1878 1177 1920 1251 in
1936 1170 2236 1280 plmverticali
2258 1193 2374 1248 curva

633 1334 686 1439 ι
981 1275 1237 1478 arta?
1252 1288 1523 1482 urm
1540 1278 2375 1509 'fall‘

968 1418 1138 1617 postttbne
1156 1516 1279 1596 duram
1306 1461 1551 1616 camebimis'
1566 1520 1736 1627 affigam,
1761 1518 1808 1613 (b
1823 1435 1947 1601 curba
1970 1462 2168 1631 ubuunqnie
2187 1516 2369 1626 impostae.

966 1626 1109 1739 semper
1118 1630 1190 1738 fibi
1212 1659 1334 1717 murno
1353 1631 1616 1745 equiltbtentur
1638 1668 1653 1726 ‚-
1683 1638 1750 1717 vel
1768 1639 1867 1747 quod
1887 1639 2100 1721 tantundem
2119 1640 2169 1743 est
2180 1696 2195 1735 ,
2220 1642 2373 1715 maixime

979 1753 1028 1827 w'
1055 1761 1192 1834 moveri
1208 1753 1346 1862 poffmr·
2044 1801 2046 1804 ·

952 1982 954 1988 Ι
1001 1968 1015 1977 ς
1040 1858 1402 1981 Difficilius-primo
1429 1859 1570 1950 intuitu
1591 1864 1747 1951 videtur
1768 1869 1847 1954 hoc
1870 1870 2100 1982 problema,
2125 1894 2240 1983 quam
2263 1864 2374 1980 quod

978 2005 1032 2180 l?
1033 2007 1324 2211 1111111111
1343 1978 2375 2216 ciiimiiiimsciiiivi‘iii·lr²‘i¹¹¹ai'‘p{i,liii

977 2215 1139 2317 circuli,
1169 2213 1311 2305 solutio
1341 2217 1588 2329 Hospitaliaena
1615 2219 1788 2303 involvit
1817 2224 2056 2334 tangentium
2084 2220 2373 2305 determinatio-

980 2358 1098 2435 nem,
1131 2337 1270 2447 partim
1298 2339 1417 2421 etiam
1445 2335 1558 2449 quod
1586 2332 1726 2418 celebra
1754 2336 1855 2438 ille,
1895 2332 2063 2452 quisquis
2093 2337 2173 2435 fit,
2202 2335 2375 2456 Anultstae

979 2444 1226 2560 Cratestem,
1257 2455 1343 2565 post
1364 2484 1418 2561 27
1445 2454 1631 2537 institutas
1654 2452 1875 2568 analogias,
1906 2454 2043 2541 labore
2056 2452 2270 2541 calculandi
2286 2482 2374 2536 om·

977 2568 1074 2651 nino
1104 2564 1213 2654 fellus
1242 2570 1294 2653 ab
1323 2569 1498 2655 ulteriori
1527 2563 1788 2685 disquilitione
1816 2571 2011 2659 abstinuit.
2085 2568 2239 2659 Verum
2267 2573 2374 2656 enim

976 2710 1076 2767 vero
1106 2685 1133 2769 sr
1162 2688 1234 2770 rite
1264 2690 1480 2785 tradetur,
1520 2709 1627 2770 tanta
1665 2716 1754 2771 cum
1792 2686 2030 2801 snnplicitate
2069 2688 2298 2801 expeditur,
2329 2712 2373 2770 ut

976 2790 1063 2885 satis
1092 2804 1218 2887 mirari
1247 2831 1466 2919 nequeam,
1496 2801 1724 2887 Geometram
1752 2806 1887 2905 istum,
1917 2834 1987 2920 per
2015 2804 2237 2921 vigefimam
2259 2799 2374 2916 septi·

975 2946 1080 3027 mam
1109 2922 1326 3033 analogiam
1347 2921 1524 3007 nondum
1539 2950 1591 3009 eo
1711 2918 1826 3011 enilse
1837 2982 1852 3022 ,
1884 2952 1966 3035 quo
1994 2949 2124 3009 tamen
2148 2923 2376 3035 &quidem
2507 2997 2508 3004 Ν

974 3032 1095 3149 longe
1125 3038 1282 3121 ulterius
1310 3066 1380 3155 per
1409 3040 1564 3123 unicam
1608 3041 1714 3123 olam
1744 3041 1995 3151 pervenitur,
2026 3068 2100 3127 ceu
2128 3069 2177 3125 ex
2205 3042 2283 3150 jam
2313 3038 2374 3123 di·
2507 3113 2509 3128 ,

973 3150 1108 3237 cendis
1137 3154 1298 3265 patebit.
1359 3150 1437 3239 Pro
1466 3156 1656 3267 principio
1681 3151 1825 3241 assumo
1856 3154 2089 3243 notlllrmum
2117 3157 2215 3241 illud
2242 3151 2374 3240 Axio·
2507 3155 2509 3248 J

977 3296 1045 3367 ma
1069 3272 1273 3355 staticum:
1305 3269 1352 3355 Iu
1376 3281 1475 3353 omni
1500 3298 1600 3354 motu
1623 3282 1804 3384 gravium
1832 3274 2162 3383 equitibraetorum,
2192 3302 2375 3356 commune
2507 3259 2508 3278 ¹

973 3412 1137 3471 centrum
1163 3396 1367 3499 gravitati
1394 3416 1507 3497 neque
1531 3388 1723 3494 ascendit,
1751 3418 1865 3497 neque
1889 3388 2068 3492 descendit
2089 3425 2103 3481 ,-
2124 3390 2199 3499 fid
2207 3415 2374 3501 perpetuo
2506 3425 2509 3437 ¹

974 3529 1099 3587 manet
1119 3514 1159 3585 in
1183 3507 1304 3585 adem
1331 3504 1523 3583 monum
1545 3501 1775 3585 horizontali.
1836 3498 1900 3591 Ut
1928 3507 2006 3590 hoc
2035 3507 2087 3591 ad
2116 3504 2276 3621 praesens
2305 3538 2374 3593 ne.

791 3700 794 3705 ,
972 3622 1128 3739 gotium
1158 3620 1404 3739 applicetur,
1442 3642 1560 3701 erutva
1591 3616 1744 3734 quaesrta
1772 3615 1895 3705 debet
1923 3622 2067 3709 habere
2096 3627 2374 3739 proprietatem
2500 3592 2509 3746 I

971 3740 1116 3841 talem,
1147 3762 1192 3823 ut
1216 3736 1298 3822 duo
1325 3730 1500 3849 pondera
1528 3729 1607 3837 M,
1638 3732 1673 3821 B
1704 3735 1896 3837 habeant,
1926 3741 1968 3824 in
1985 3744 2129 3855 quovis
2151 3740 2245 3843 fitu,
2277 3737 2373 3835 sem·
2503 3748 2509 3767 ⁸

973 3882 1045 3970 per
1075 3854 1244 3942 eundem
1274 3852 1557 3939 horizontalem
1592 3880 1705 3938 axem
1733 3854 1952 3967 aequilibrii.
2009 3854 2267 3944 Perductum
2301 3864 2372 3945 ita.
2500 3832 2509 3885 ³

2499 3952 2509 4007 i

974 4002 1053 4087 que
1074 3974 1298 4060 verticalem
1328 3966 1596 4084 CQagatur
1620 3996 1818 4083 utcunque
1840 3972 2091 4063 horizontalis
2121 3970 2237 4061 KIE
2267 3977 2372 4091 (quae
2502 4073 2509 4092 Ἰ

975 4092 1215 4177 constantem
1244 4118 1358 4176 axem
1386 4088 1589 4204 tequilbrii
1620 4088 1813 4198 denotet)
1836 4121 1848 4181 ς
1880 4086 2025 4207 fiatque
2054 4118 2098 4178 ut
2126 4091 2282 4205 pondus
2303 4095 2370 4178 da-
2498 4085 2509 4127 ¹*

975 4226 1061 4291 tum
1100 4202 1156 4295 M
1191 4208 1244 4295 ad
1281 4205 1436 4322 pondus
1474 4204 1609 4291 datum
1637 4202 1701 4306 B,
1741 4207 1796 4289 ita
1834 4204 2008 4297 distantia
2046 4208 2259 4296 brevillrma
2287 4206 2373 4298 ΙΗ
2498 4205 2509 4246 ”⁴

973 4324 1094 4439 (quae
1121 4324 1213 4411 data
1243 4328 1296 4413 est
1323 4325 1382 4413 ob
1403 4350 1559 4410 curvam
1581 4322 1712 4409 datam
1741 4318 2374 4442 AB)aaquanam11’‚quae
2496 4303 2509 4385 ³³

970 4442 1024 4531 ad
1053 4468 1202 4557 partem
1225 4445 1454 4529 contrariam
1477 4436 1658 4527 sumenda
1686 4443 1762 4532 esta
1794 4447 1835 4526 δι
1855 4442 2033 4529 ducenda
2049 4439 2370 4557 parallelaPM,
2494 4539 2505 4561 ἦ

972 4588 1058 4675 quae
1079 4556 1223 4647 secabit
1245 4561 1430 4663 arculum,
1461 4582 1596 4645 centro
1627 4554 1669 4643 C
1698 4564 1739 4643 δι
1768 4557 1879 4643 radio
1908 4555 2018 4647 CM
2049 4560 2292 4671 (differentia
2310 4562 2369 4645 fir·
2495 4553 2509 4605 '¹

967 4678 1090 4771 uituli
1113 4682 1234 4766 totius
1256 4684 1296 4764 δι
1317 4681 1434 4792 partis
1464 4677 1571 4763 datae
1591 4671 1633 4760 C
1651 4673 1718 4780 Β)
1749 4670 1868 4761 deseri
1894 4700 1978 4775 tum
1990 4740 2004 4781 ,
2036 4680 2076 4763 in
2111 4682 2256 4792 pundo
2282 4672 2368 4779 M,
2494 4664 2509 4774 3

971 4793 1085 4909 quod
1114 4800 1186 4883 erit
1217 4797 1269 4882 ad
1304 4822 1461 4882 curvam
1487 4818 1661 4909 optatam
1690 4788 1808 4883 [Μ.
1920 4824 1970 4884 oc
1995 4796 2100 4882 enim
2131 4794 2256 4882 modo
2288 4794 2367 4895 fit,
2494 4780 2509 4846 l

970 4935 1016 4997 ut
1044 4936 1219 5008 centrum
1240 4916 1437 5029 gravitatis
1458 4940 1668 4999 commune
1690 4910 1909 5025 ponderum
1934 4908 1997 5014 B,
2016 4909 2072 5001 M
2102 4908 2249 5026 semper
2271 4906 2367 4999 exis-
2495 4925 2509 4960 ⁴

970 5052 1028 5116 tat
1056 5032 1096 5117 in
1126 5029 1229 5117 linea
1252 5032 1488 5125 horizontuli
1517 5024 1672 5135 xla,
1703 5056 1789 5145 quae
1816 5056 1905 5126 mm
1930 5030 1975 5121 lit
1997 5030 2049 5127 ad
2073 5031 2271 5121 arbitrium
2283 5028 2366 5233 gp
2495 5047 2509 5202 ἓ

943 5206 949 5213 .
2351 5204 2366 5249 ,
2498 5213 2502 5224 .
