5500 6884
492 763 574 866 ET
602 739 1180 868 morasmoras
1204 753 1538 876 GIJRVARUM
1656 809 1744 900 aaa

314 933 568 1024 incredibili
590 937 695 1028 adeo
717 943 911 1032 celeritate
937 941 989 1028 ad
1008 944 1192 1031 circulum
1206 930 1481 1066 =convetgamt,
1503 938 1580 1050 ut,
1606 941 1744 1062 quemss

318 1055 565 1142 admodum
590 1087 639 1142 ex
660 1059 810 1146 indiciis
829 1055 1057 1176 quibusdam
1086 1063 1181 1146 mihi
1203 1088 1339 1174 patet,
1369 1067 1547 1150 institutis
1573 1070 1751 1181 quinque

322 1174 672 1286 operationibus,
702 1181 780 1288 jam
799 1181 1044 1292 perveniantr
1057 1178 1108 1264 ad
1128 1181 1272 1270 limites
1292 1181 1526 1294 hasprae
1543 1185 1748 1276 arctiorem

321 1315 499 1405 repara
516 1321 658 1406 nempe
675 1320 792 1380 curua
807 1319 956 1382 tantum
975 1315 1031 1407 64
1046 1297 1385 1411 gibborume'c'um
1404 1295 1748 1410 Alecmmam

325 1437 450 1524 opus
468 1410 582 1496 fiterit
607 1405 818 1524 Polygono
838 1431 897 1514 96
914 1415 1174 1527 angulorum,
1207 1413 1258 1498 ad
1277 1418 1471 1501 tationem
1494 1412 1620 1516 suam,
1644 1446 1670 1525 7
1694 1415 1748 1502 ad

329 1551 428 1626 22,
454 1527 631 1612 diametri
649 1527 700 1612 ad
722 1527 1064 1617 circumferentiam
1085 1533 1381 1632 inveniendam,
1403 1559 1489 1648 quat
1506 1554 1635 1618 tamen
1652 1559 1744 1618 vera

328 1645 515 1734 multum
546 1643 649 1731 adeo
680 1645 809 1732 adhuc
837 1647 1002 1734 abludit.
1061 1643 1284 1736 Veritatem
1314 1651 1426 1756 hujus
1452 1652 1585 1764 aliquo
1615 1648 1743 1735 modo

327 1763 537 1876 percipies
568 1791 618 1848 ex
649 1763 836 1850 limitibus
864 1791 968 1849 nunc
995 1763 1191 1850 tradendis
1232 1793 1333 1880 quos
1357 1767 1454 1850 mibi
1485 1763 1745 1880 suppeditavit

330 1902 466 1963 curva
488 1879 699 1992 ostigibba.
728 1873 826 1968 Hos
845 1903 889 1968 ut
905 1881 1101 1968 inveniam
1119 1943 1133 1982 ,
1148 1880 1275 1968 neila
1295 1883 1482 1997 colligere
1504 1884 1560 1966 est
1580 1911 1636 1966 ex.
1650 1906 1743 1966 ante

332 1991 487 2096 dietis,
518 1994 666 2084 necesse
688 1993 764 2084 else
790 1989 834 2084 u't
861 2025 1026 2114 quaram
1049 2001 1150 2084 illius
1174 2027 1299 2082 curva
1321 1999 1559 2084 distantiasa
1581 2021 1742 2097 centro,

334 2115 556 2198 maximam
585 2119 627 2198 δι
656 2117 883 2206 minimams
915 2117 1075 2200 circulus
1101 2118 1206 2200 enim
1230 2114 1340 2199 radio
1362 2119 1521 2198 maximi
1550 2115 1743 2200 intervalli

337 2221 556 2342 descriptus
580 2255 713 2346 tanget
737 2260 894 2318 curvam
917 2235 1084 2318 exterius
1114 2235 1155 2316 in
1181 2234 1273 2316 odio
1301 2235 1482 2344 pumdiis,
1515 2237 1557 2314 δι
1578 2234 1652 2316 erit
1672 2256 1742 2344 per

338 2339 589 2462 consequens
620 2347 865 2462 longitudine
891 2352 1014 2458 major
1039 2375 1157 2464 quam
1189 2375 1345 2438 curvas
1377 2343 1443 2433 sed
1466 2347 1629 2432 circulus
1656 2340 1741 2431 des-

340 2463 492 2574 criptus
522 2465 634 2550 radio
659 2468 807 2552 minimi
834 2465 1024 2551 intervalli
1050 2489 1183 2580 tanget
1209 2488 1365 2550 curvam
1390 2466 1548 2558 interius
1575 2467 1616 2549 in
1648 2467 1742 2547 odio

339 2583 521 2688 punciis,
551 2582 733 2698 adeoque
754 2582 997 2697 longitudine
1019 2585 1147 2668 minor
1171 2585 1244 2669 erit
1265 2609 1386 2695 quam
1410 2587 1540 2667 curva.
1598 2577 1742 2689 Qnir-

343 2719 435 2777 tum
452 2697 503 2781 ad
528 2699 745 2785 distantiam
767 2703 988 2800 minimam,
1022 2701 1215 2788 invenitur
1236 2695 1347 2785 facile
1366 2697 1461 2790 s‘est
1483 2699 1590 2784 enim
1616 2721 1744 2808 aqua·

339 2809 395 2894 lis
423 2807 574 2898 summa
604 2817 864 2900 distantiaruun
892 2819 1063 2899 minimae
1092 2823 1133 2900 δι
1162 2818 1336 2901 maxima>
1364 2843 1488 2898 curvat
1519 2811 1743 2926 quadrigib-

345 2927 409 3011 bae
439 2932 669 3041 genitricis,
701 2929 813 3044 quod
839 2959 908 3041 per
940 2925 977 3014 se
1006 2955 1127 3041 patet.
1185 2931 1266 3016 Sed
1290 2930 1402 3043 quod
1426 2925 1567 3040 spedlat
1591 2927 1644 3011 ad
1666 2920 1743 3008 dis-

345 3049 513 3153 tantiam
543 3047 777 3144 maximam,
811 3045 1071 3152 demonstrare
1103 3044 1252 3158 possum
1284 3045 1396 3158 quod
1423 3044 1469 3129 stt
1494 3046 1565 3128 illa‘
1585 3041 1745 3156 aqualis

346 3162 661 3363 artum
681 3157 797 3368 aa
835 3157 1088 3364 ulle

349 3395 527 3480 ratricem
558 3397 598 3478 in
629 3391 700 3495 Y,
732 3341 823 3509 qttae²
848 3307 1007 3508 tangiens
1038 3390 1260 3506 supponitur
1291 3305 1418 3476 sacete
1446 3419 1536 3475 curn
1570 3385 1672 3476 CO
1703 3394 1749 3478 dc

353 3506 396 3593 C
410 3507 460 3616 G¹
480 3513 744 3625 prolongatis,
778 3511 881 3596 basm
908 3512 1084 3626 trianguli
1106 3506 1268 3594 isoscelis
1294 3505 1338 3594 V
1355 3501 1456 3594 CX
1477 3544 1487 3593 a
1519 3513 1559 3591 dc
1585 3506 1748 3622 quidem

354 3632 435 3744 pari
464 3627 611 3729 modo,
642 3629 824 3712 distantiae
840 3631 1016 3738 ⁸minimae
1036 3635 1077 3712 δι
1096 3630 1270 3711 maximae
1292 3628 1331 3710 in
1350 3620 1600 3738 sequentibus
1618 3622 1748 3708 curvis

353 3741 1748 3966 ll¹llllalrllllr-lrrr“s⁶”lsls²llrs¹¹lrl„”;saq⁰r

823 3925 836 3962 ,
909 3895 921 3946 r
1160 3913 1164 3922 ·
1658 3911 1673 3952 s

358 3957 597 4094 precedente
631 3980 867 4090 multigibba
903 3982 1139 4094 generatrice
1167 4011 1178 4069 3
1221 3983 1261 4061 δι
1292 3973 1469 4059 distantia
1498 3972 1668 4056 maxima
1697 3997 1749 4054 ae·

359 4097 478 4210 qualis
507 4097 562 4179 est
597 4093 790 4178 altitudini
823 4096 884 4176 bis
915 4093 1069 4207 sumptae
1103 4093 1280 4206 trianguli
1306 4085 1469 4176 isoscelis
1496 4087 1655 4174 formati
1680 4113 1750 4197 per

359 4213 695 4329 prolongationem
723 4208 984 4295 distantiarum
1021 4207 1321 4321 praecedentium
1359 4209 1534 4293 maxima
1564 4211 1604 4289 δι
1636 4203 1749 4288 mini-

361 4359 456 4429 mae,
489 4324 607 4440 usque
637 4326 689 4434 ad
714 4347 957 4438 tangentem,
987 4349 1171 4438 tanquam
1197 4325 1302 4410 basrn
1324 4329 1409 4436 ejus
1434 4321 1629 4433 trianguli.
1688 4311 1751 4403 Ex

363 4445 437 4530 boc
460 4445 629 4559 generali
659 4442 949 4541 fundamento,
993 4441 1021 4524 st
1059 4471 1160 4527 nunc
1191 4443 1324 4526 lubeat
1357 4467 1491 4524 eruere
1517 4437 1660 4520 limites
1693 4427 1753 4522 se·

366 4561 534 4664 cundos,
575 4588 675 4674 quos
704 4587 844 4671 nempe
879 4553 1095 4670 suppeditat
1129 4587 1247 4646 curva
1280 4555 1514 4668 ocligibbas
1543 4551 1755 4639 adverten-

367 4679 454 4764 dum
490 4680 617 4792 primo
654 4679 738 4775 est,
780 4705 867 4760 cum
903 4673 1101 4790 odigibba
1139 4675 1183 4758 fir
1221 4673 1338 4786 dupla
1372 4669 1670 4786 quadrigibbae,
1712 4673 1755 4754 δι

367 4795 618 4912 quadrIgrbba
651 4791 767 4904 dupla
790 4792 985 4906 bigibbae‚
1026 4785 1090 4877 seu
1126 4786 1312 4902 Ellipseos
1324 4823 1337 4884 3
1362 4787 1448 4874 fote
1476 4814 1632 4876 curvam
1654 4786 1754 4872 odii·

371 4915 520 5033 gibbam
556 4908 800 5023 longitudine
835 4909 1086 5023 quadruplam
1123 4901 1340 5024 Ellipseos,
1370 4905 1584 5024 adeoque,
1613 4928 1658 4992 ut
1684 4901 1755 4992 ina

421 5045 525 5154 loun.
538 5042 719 5132 Brrnorilli
736 5041 857 5170 Opera
875 5051 994 5134 omnia
1022 5035 1147 5134 Tom·
1162 5033 1195 5136 Ι,
1358 5037 1484 5134 Kkk
1686 5029 1756 5136 liii
