5500 6884
1028 766 1115 857 324
1136 718 2025 828 u⁰.rvu1.crcnomrrrronnrun
2038 727 2393 844 Quanam,
2538 763 2539 836 ,

1026 942 1092 1005 rne
1122 912 1387 999 demonstrato
1405 911 1459 1011 *J
1495 911 1665 1023 primus,
1688 910 1729 991 δι
1758 908 1844 1019 post
1876 936 1967 993 eum
1988 900 2240 993 subtilissimus
2263 905 2420 1005 Ntw.

1027 1052 1217 1122 TONUs
1248 1033 1287 1114 in
1319 1028 1547 1143 pereruditis
1575 1022 1648 1111 suis
1684 1022 1888 1138 Operibus
1912 1030 1935 1122 i
1961 1024 2249 1139 prodiderunt:
2281 1032 2420 1143 quibus
2533 1078 2540 1100 .

1025 1150 1120 1237 addi
1141 1144 1315 1263 possent,
1343 1175 1429 1262 quae
1458 1144 1659 1263 quondam
1687 1140 1833 1229 Paristis
1851 1144 2095 1257 excogitavi,
2130 1170 2298 1256 quorum
2323 1176 2419 1233 non·
2539 1237 2540 1252 p

1025 1269 1133 1355 nulla
1161 1265 1291 1351 Frater
1324 1257 1495 1350 recenset
1526 1266 1566 1347 in
1597 1259 1710 1345 Auis
1747 1278 1883 1364 1692,
1912 1288 2001 1373 pag.
2035 1261 2114 1359 292
2140 1264 2200 1356 ἡ.
2250 1258 2313 1347 At
2341 1294 2423 1350 nou

1026 1386 1263 1501 postremum
1298 1382 1431 1468 locum
1468 1380 1624 1469 obtinet
1656 1375 1906 1486 Quadratum
1939 1374 2124 1491 segmenti
2155 1381 2277 1479 resii,
2316 1385 2419 1491 cujut

1025 1495 1202 1587 subtensa
1227 1499 1338 1583 distat
1361 1502 1552 1585 avertice
1573 1492 1780 1609 Cycloidis
1802 1520 1936 1611 quarta
1967 1520 2075 1607 parte
2097 1494 2202 1587 arist
2232 1500 2345 1611 quod
2366 1494 2419 1585 se·

898 1712 903 1721 ,
1026 1618 1329 1731 rui-hexagono
1358 1616 1622 1716 [concinnius
1650 1640 1727 1727 ego
1746 1610 1915 1699 ditetern
1943 1612 2135 1725 triangulo
2173 1616 2418 1725 equisttero,

957 1806 962 1815 .
1025 1734 1270 1822 tantumdem
1300 1736 1404 1821 enim
1433 1736 1548 1834 est,]
1579 1733 1724 1846 aequale
1748 1730 1915 1817 ostendit
1950 1726 2000 1815 H
2008 1754 2040 1819 υ
2052 1750 2162 1816 ῦεΝ
2170 1748 2295 1818 tus:
2330 1734 2420 1820 nnc

1026 1848 1292 1964 superaccedit
1329 1852 1492 1937 alterurn
1527 1846 1625 1933 illud
1662 1842 1900 1961 segmentum
1929 1848 2164 1959 obliquum,
2192 1850 2300 1955 cujus
2324 1878 2418 1965 qua-

1026 1968 1190 2051 dratura·
1207 1964 1352 2052 Ceseb.
1376 1962 1740 2054 ernnrntun
1765 1994 1836 2076 pto
1860 1966 1986 2078 primo
2010 1966 2214 2049 inventore
2236 1964 2419 2079 agnoscit.

1025 2080 1217 2198 Denique
1249 2079 1716 2195 Brachystocstronistnus,
1746 2078 1810 2167 seu
1838 2084 2056 2167 celerrimus
2087 2075 2315 2183 descensus,
2348 2115 2419 2169 no-
2540 2169 2541 2174 t

1024 2200 1171 2286 visstme
1202 2202 1363 2287 anobis
1393 2200 1567 2285 detesius
1589 2204 1676 2300 s††,
1718 2201 1818 2285 inter
1846 2202 2040 2313 primarias
2058 2192 2265 2313 Cycloidis
2286 2206 2418 2287 nostr:
2540 2255 2541 2260 Ν

1025 2322 1303 2433 proprietates,
1335 2322 1490 2402 nemine
1516 2315 1757 2429 refragante,
1793 2318 1933 2402 merito
1969 2316 2039 2399 sibi
2071 2318 2203 2401 iocum
2237 2320 2419 2404 vendicat

1025 2439 1212 2547 primumr
1239 2436 1349 2548 quod
1380 2441 1420 2516 ἀ
1445 2432 1573 2519 Frater
1599 2426 1803 2545 agnoscere
1833 2432 2012 2535 videtur,
2043 2432 2137 2517 dum
2168 2462 2259 2519 eum
2285 2436 2420 2522 inven-

1027 2575 1156 2633 torum
1186 2554 1361 2635 omniurn
1398 2552 1497 2633 circa
1527 2546 1765 2661 Cycloidcm
1796 2548 1981 2635 fastorum
2013 2550 2120 2661 quast
2156 2552 2417 2652 coronidem,

1025 2668 1125 2751 ultra
1151 2694 1268 2781 quam
1291 2668 1389 2750 nihil
1419 2670 1582 2781 amplius
1610 2664 1861 2781 sperandum,
1887 2666 2131 2781 depraedicat.
2156 2674 2178 2770 (
2188 2664 2289 2755 Vid.
2318 2675 2421 2755 Asse
2541 2769 2542 2794 ἦ

1030 2803 1084 2876 16
1143 2845 1155 2884 ,
1208 2846 1220 2868 .
1250 2815 1297 2871 21
1334 2848 1344 2868 .

1003 2975 1007 2988 r
1083 2812 1262 2986 isidero
1280 2794 1487 3012 uicinius
1501 2897 1554 2985 de
1603 2902 1743 2985 alarstra
1761 2893 1957 2987 discedere
1980 2901 2084 2986 velle
2105 2901 2283 3007 videtur,
2303 2930 2419 3019 quam
2541 2993 2542 3034 ,

1022 3045 1092 3131 pet
1135 3022 1327 3133 integrum
1352 3010 1531 3103 'nauum
1605 3020 1734 3104 culum
1772 3022 1904 3102 omnia
1933 3013 1996 3101 sua
2021 3015 2179 3107 exuisset
2210 3022 2416 3135 mysteria,
2541 3039 2542 3076 ¹

1020 3130 1213 3245 nobisque
1231 3132 1418 3246 pandisset
1441 3134 1633 3249 quidquid
1659 3138 1700 3219 in
1725 3135 1906 3221 extremis
1932 3136 2093 3221 haberet
2114 3139 2313 3225 recessibus
2331 3135 2418 3223 suis.

1022 3245 1162 3333 Prodit
1195 3255 1322 3351 enirn,
1349 3266 1443 3336 ec'ce
1472 3252 1698 3350 denuo,in
1730 3248 1879 3336 scenam
1912 3252 2055 3336 nobilis
2091 3257 2219 3339 nostra
2252 3250 2416 3356 Curva,

1022 3356 1296 3475 spesittotibus
1324 3366 1428 3477 quasi
1453 3394 1542 3449 cum
1568 3371 1798 3478 agonizante
1820 3371 1898 3453 hoc
1926 3364 2061 3454 saecuso
2090 3372 2348 3473 vaiedisiura,
2376 3396 2419 3458 ut

1021 3478 1180 3564 tandem
1210 3480 1375 3565 candide
1409 3481 1508 3567 srstat
1537 3482 1776 3570 infinitorum
1806 3482 1960 3571 suorum
1984 3482 2290 3600 segmentorum‚
2319 3492 2415 3575 aiio·

1019 3592 2418 3833 iississsffs‘fflssss‘iimpqffi{siffis&iiiiii-

1019 3830 1113 3917 dicii
1145 3830 1313 3935 Virum,
1341 3828 1579 3951 segmentum
1605 3836 1703 3921 islud
1737 3833 2155 3928 HUGEMANUM
2189 3842 2418 3956 quadr-abile
2542 3844 2544 3863 '

1019 3952 1162 4064 [quod
1186 3954 1340 4037 unicum
1368 3954 1462 4039 facit
1485 3984 1536 4039 ex
1560 3952 1720 4039 infinitis
1741 3957 1928 4057 nostris,]
1951 3957 2111 4072 dignum
2138 3954 2225 4045 satis
2250 3954 2417 4070 reputas-

1018 4060 1093 4167 se,
1127 4071 1233 4174 cujus
1260 4072 1423 4181 primam
1451 4072 1743 4173 inventionem,
1773 4100 1855 4156 non
1883 4100 1963 4158 uno
1991 4079 2030 4159 in
2061 4079 2185 4176 loco,
2214 4074 2418 4163 Wun-

1015 4200 1120 4271 Nto
1148 4178 1215 4268 suo
1245 4212 1318 4299 pto
1338 4188 1441 4271 virili
1462 4182 1659 4283 assererem
1686 4218 1738 4277 ne
1751 4184 1904 4275 'scilicet
1922 4194 2054 4304 gioriae
2073 4190 2324 4308 Angsicanoe,
2344 4222 2416 4279 cu·

1013 4302 1075 4409 jus
1090 4304 1290 4401 ,strenuum
1317 4302 1515 4389 vindicem
1592 4309 1623 4391 't
1672 4309 1826 4422 aliquid
1852 4310 2083 4414 decederet,
2111 4311 2226 4430 quod
2248 4312 2417 4419 dejure

1013 4417 1084 4528 ipsr
1111 4446 1333 4537 competere
1357 4447 1461 4512 ratus
1486 4333 1644 4515 estagir
1672 4421 2011 4547 perspicacissimus.

2166 4592 2171 4599 ι

2347 4660 2414 4756 Ut

1034 4806 1040 4813 ·
1100 4787 1118 4821 ⁴
1135 4790 1225 4871 Supra
1241 4797 1292 4861 N·.
1314 4798 1424 4864 xtnt

1097 4872 1120 4946 †
1139 4872 1242 4936 Philos.
1255 4876 1320 4939 Nat.
1334 4880 1424 4944 Ptine.
1436 4878 1528 4951 Issatis.
1539 4882 1637 4955 suhi.
1655 4882 1730 4953 Sed.
1742 4883 1781 4950 X.
1795 4881 1876 4965 stop·
1888 4894 2001 4969 ⁴843.

1159 4954 1248 5033 rupta
1268 4956 1322 5019 ut.
1340 4956 1419 5024 vur.

1140 5036 1227 5111 †N⁰.
1247 5036 1403 5107 XXXVII.
