5500 6884
376 703 385 724 ’
485 784 570 884 re.
596 774 905 897 mocv.'21n
925 772 1823 909 rremnunonuornrnouno.177

449 951 452 956 ’
485 946 709 1069 Eriamnum
735 948 929 1052 sustineo,
969 953 1080 1065 quod
1119 957 1318 1043 theorema
1333 963 1407 1067 fig.
1442 994 1488 1061 2,
1521 964 1733 1074 expolitum
1742 966 1821 1073 fise
1855 992 1955 1057 ron,

420 1075 597 1153 extendor
623 1065 678 1151 od
696 1096 816 1151 omnes
842 1098 999 1159 corvos,
1020 1070 1104 1175 seve
1113 1072 1192 1179 fior
1206 1098 1275 1181 per
1290 1076 1416 1183 focos,
1437 1078 1519 1183 srve
1546 1084 1651 1159 aliter
1675 1100 1815 1192 quomo*
1832 1071 1974 1218 Qus.

424 1194 607 1299 docunque
634 1186 758 1293 &st
777 1196 866 1284 vis,
893 1185 1005 1268 libero
1030 1210 1141 1270 mano
1171 1188 1353 1300 descripte.
1416 1189 1547 1299 Qrod
1578 1220 1706 1281 autem
1741 1193 1815 1283 Vir
1828 1237 1890 1313 rig.
1908 1154 1968 1301 ,IL
2107 1290 2109 1297 ,

424 1303 696 1388 celeberrimus
723 1300 815 1385 inde
837 1301 974 1401 infert,
1001 1332 1065 1385 me
1091 1300 1166 1387 else
1194 1307 1236 1389 in
1261 1334 1307 1389 ea
1332 1301 1539 1407 sententia,
1570 1340 1650 1393 non
1678 1341 1815 1400 omnes

424 1447 557 1504 curvas
580 1448 650 1531 per
679 1416 791 1501 focos
819 1414 980 1501 describi
1006 1415 1134 1529 posse,
1163 1417 1277 1531 plane
1304 1452 1386 1505 non
1411 1418 1597 1537 sequitur:
1620 1428 1723 1539 quasi
1743 1458 1813 1515 ve·

342 1565 344 1568 ·
421 1565 468 1620 ro
489 1565 564 1623 una
588 1534 803 1647 eademque
823 1558 960 1634 curva,
989 1564 1058 1646 per
1082 1535 1194 1619 focos
1219 1532 1426 1649 descripta,
1447 1568 1528 1623 non
1549 1538 1670 1651 polset
1692 1548 1810 1629 etiam

417 1650 527 1738 mille
558 1653 640 1735 aliis
670 1648 798 1733 modis
831 1645 1004 1735 describi.
1064 1647 1255 1764 Exemplo
1294 1655 1407 1737 nobis
1440 1654 1504 1755 fit,
1539 1658 1605 1739 vel
1632 1652 1710 1741 sola
1740 1656 1808 1745 El·

420 1768 544 1880 lipfis,
571 1796 677 1880 que,
708 1792 791 1886 non
814 1790 964 1853 tantum
991 1795 1060 1879 per
1086 1767 1215 1867 filum,
1247 1764 1447 1855 sedetiam
1467 1800 1535 1883 per
1557 1776 1727 1887 regulam
1747 1770 1805 1861 se·

416 1884 590 1974 cundum
616 1883 735 1966 latero
759 1884 887 1991 anguli
907 1885 999 1968 redi
1023 1884 1358 1997 progredientem,
1383 1884 1590 2000 aliterque,
1619 1918 1726 2002 aeque
1749 1888 1805 1973 fa-

418 2000 494 2109 cile
520 1998 717 2084 formetur.
775 1994 876 2083 Hoc
906 1999 1091 2083 duntaxat
1118 2028 1168 2084 ex
1203 1996 1403 2087 assertione
1435 2032 1520 2086 mea
1551 2006 1722 2117 legitime
1746 2002 1802 2089 se-

416 2117 570 2229 quiture
604 2116 803 2201 theorema
829 2115 928 2199 illud
956 2118 1086 2201 valere
1105 2119 1145 2197 in
1174 2118 1355 2202 omnibus
1378 2122 1526 2217 curvis,
1559 2148 1640 2203 non
1668 2146 1806 2233 quate·¹

416 2261 488 2317 nus
509 2260 578 2343 per
603 2232 716 2316 focos
744 2255 916 2331 tantum,
943 2226 1008 2317 sed
1039 2258 1232 2345 utcunque
1263 2236 1473 2347 progenito
1502 2234 1799 2323 confiderentur.

416 2355 549 2461 Atque
579 2348 655 2448 fic,
688 2342 789 2429 salva
816 2375 903 2433 mea
929 2345 1152 2448 assertione,
1181 2378 1262 2433 non
1290 2378 1393 2463 nego
1419 2378 1554 2434 omnes
1583 2380 1715 2434 curvas
1734 2354 1800 2435 ha-

329 2534 332 2537 .
416 2464 509 2549 bere
538 2463 673 2563 focos,
702 2458 835 2549 saltem
860 2466 1042 2555 linearest
1070 2494 1123 2548 an
1148 2490 1245 2549 vero
1272 2469 1389 2550 etiam
1415 2466 1582 2549 habeant
1598 2465 1819 2579 duplices,

374 2600 380 2609 '
415 2575 480 2665 seu
507 2586 672 2692 pundo,
702 2580 918 2691 exquibus
946 2574 1185 2694 semperper
1214 2578 1278 2665 lile
1306 2582 1490 2667 delineari
1519 2578 1655 2695 poll'mt
1674 2602 1698 2682 ,'
1712 2585 1808 2668 hac··

414 2719 526 2783 tenus
551 2724 574 2779 a
598 2694 751 2781 nemine
774 2694 1072 2781 demonstratum
1099 2699 1165 2783 est.
1272 2783 1275 2793 ,

475 2809 607 2923 Qtod
628 2837 808 2923 praterea
835 2807 913 2899 Vir
934 2812 1245 2927 ingeniosrlfimus
1269 2817 1415 2915 innuit,
1433 2816 1635 2900 methodum
1653 2816 1800 2927 tongen-

411 2942 507 3013 riom
535 2929 745 3035 inversion,
771 2953 856 3011 rore
875 2933 1012 3041 Aliquot
1035 2963 1180 3047 annos,
1206 2959 1334 3043 magno
1365 2942 1406 3014 io
1422 2942 1538 3043 pretio
1549 2934 1596 3035 fi
1620 2922 1798 3039 hobolffi}

404 3054 491 3157 jam
518 3076 605 3127 vero
628 3048 794 3137 tandm,
823 3076 897 3127 ooo
918 3050 1016 3128 leves
1040 3047 1081 3128 ob
1105 3046 1261 3154 torosos,
1288 3078 1328 3127 eo
1350 3051 1422 3128 loco
1443 3079 1513 3129 ooo
1540 3053 1694 3157 emplius
1713 3078 1738 3127 o
1757 3044 1804 3153 st

413 3160 557 3251 baberi,
586 3162 769 3268 indicium
795 3164 930 3275 utique
957 3164 1047 3261 est,
1078 3162 1147 3245 fibi
1176 3189 1263 3245 eam
1292 3162 1393 3247 adeo
1424 3164 1575 3275 plenam
1605 3168 1645 3246 δι
1674 3164 1804 3282 tritam

411 3271 573 3378 fecisse,
604 3301 647 3362 ut
675 3277 745 3389 ipsr
771 3282 849 3386 jam
876 3303 923 3361 ut
953 3276 1066 3362 ludus
1096 3277 1140 3361 lit
1170 3277 1405 3370 habendu'sr
1437 3279 1541 3363 unde
1578 3305 1670 3362 cum
1710 3276 1809 3361 nihil

411 3387 577 3479 baueoos
597 3394 809 3505 proposttoro
835 3396 993 3485 videro,
1024 3399 1093 3490 (ut
1115 3393 1196 3501 ait)
1223 3398 1323 3506 quod
1341 3407 1416 3504 φα
1431 3446 1435 3451 -
1448 3421 1531 3506 ope,
1555 3425 1635 3477 com
1662 3419 1803 3506 oporam

410 3517 497 3596 dare
525 3522 559 3594 ei
584 3516 709 3611 licuit,
741 3543 813 3593 noo
840 3520 999 3623 potuerit
1027 3513 1292 3601 determinato
1328 3510 1465 3597 videre
1496 3506 1672 3596 defidero
1703 3511 1802 3597 'alte-

410 3658 496 3713 rum
523 3630 631 3712 illum
661 3628 823 3712 modum
843 3627 1016 3741 parabola
1035 3637 1214 3738 portiones
1242 3636 1336 3710 iorer
1352 3628 1397 3736 se
1424 3628 1647 3735 conferendi,
1680 3654 1801 3739 quem

408 3748 526 3860 priori
548 3740 616 3829 suo
645 3739 867 3844 substituit,
899 3750 939 3827 δι
969 3772 1057 3827 cum
1086 3743 1257 3858 pluribus
1285 3738 1552 3856 speciminibus
1582 3742 1802 3827 communi·

409 3862 573 3947 candum
601 3862 818 3973 pollicettu.
876 3856 1079 3957 ‘Caeterum
1117 3864 1283 3973 ingenue
1321 3857 1476 3958 fateor,
1519 3884 1583 3941 me
1620 3853 1798 3938 nondum

407 3976 513 4099 polle
551 3973 792 4091 perspicere,
836 4007 885 4063 ex
919 3978 1103 4083 ,ommbus
1144 3977 1218 4059 illis
1256 4004 1340 4089 qua
1383 3978 1558 4091 allegat,
1589 3966 1798 4086 quomodo

406 4097 609 4205 theorema
640 4123 769 4180 meum
808 4093 859 4179 de
892 4093 1116 4181 redocrione
1144 4119 1343 4177 curvarum
1372 4092 1426 4177 ad
1459 4088 1690 4189 circulares,
1728 4112 1797 4200 pet

406 4215 499 4299 alias
530 4211 777 4299 evolutiones
801 4236 918 4324 quam
943 4206 1222 4319 eugenium,
1248 4210 1377 4323 augeri
1399 4206 1522 4322 pollit.
1583 4202 1661 4293 Pro
1691 4204 1770 4289 hoc
1781 4262 1798 4303 ,

405 4328 435 4413 sr
478 4330 599 4413 habet
640 4326 869 4414 methodum
904 4352 1020 4439 quam
1059 4325 1214 4425 offert,
1253 4350 1364 4439 grato
1399 4327 1533 4409 animo
1574 4322 1799 4435 excipiam,

401 4440 730 4559 {quandocunque
752 4444 1034 4531 communicare
1053 4443 1221 4528 libuerit.
1279 4436 1381 4527 Hoc
1407 4466 1537 4525 tomen
1566 4442 1606 4524 ln
1636 4427 1804 4519 anteces-

409 4592 482 4647 um
512 4561 825 4674 premonendum
856 4560 995 4659 duco,
1037 4586 1119 4645 non
1150 4586 1251 4671 opus
1281 4555 1430 4643 esseut
1461 4582 1584 4641 curvae
1614 4552 1816 4638 reducam·
1914 4562 1916 4565 ’

400 4674 469 4763 t'ur
493 4678 547 4762 ad
576 4678 816 4770 extenstones
841 4670 1044 4787 ellipstos,
1075 4676 1322 4787 hyperbolae,
1353 4672 1577 4787 parabola,
1609 4660 1802 4755 altiorisve

402 4822 555 4895 curve,
588 4795 616 4878 st
644 4795 688 4878 id
717 4792 799 4879 lieri
828 4792 938 4905 poffit
965 4822 1033 4905 per
1068 4793 1300 4891 circulares,
1330 4813 1514 4905 tanquam
1539 4790 1625 4901 poll
1661 4788 1802 4872 tedam

401 4909 701 5022 fimpbciffimas.
762 4906 916 4999 Verum
945 4910 1049 4995 enirn
1066 4936 1162 4997 vero
1189 4908 1315 4993 omnis
1331 4910 1634 4996 omninocurva
1646 4934 1664 5007 ,⁴
1684 4920 1802 5017 quot-¹

456 5043 566 5145 loon.
596 5040 783 5130 Bomoi
801 5037 923 5157 Opere
944 5052 1065 5130 orooro
1096 5036 1224 5131 Tom.
1247 5032 1280 5129 Ι.
1501 5034 1542 5128 Ζ
1661 5038 1664 5041 ’
1705 5055 1798 5119 cuu-
