5500 6884
915 725 1092 902 ‘²32'
1159 709 2240 932 Natssuuuuuu-aVatcuNTrA

993 951 1112 1059 dlis,
1142 975 1212 1053 ut,
1243 950 1461 1063 liopottcat
1479 947 1812 1038 fermentationem
1831 950 1970 1037 debito
1994 951 2117 1036 modo
2135 949 2290 1066 perlici,
2308 967 2386 1042 tna-¹

833 1163 837 1170 ‚
1012 1071 1110 1154 teria
1135 1066 1398 1153 fennentanda
1415 1095 1496 1155 non
1513 1064 1557 1152 stt
1585 1069 1626 1152 in
1644 1068 1736 1154 loco
1759 1065 1873 1154 valde
1895 1067 2060 1184 frigido,
2091 1071 2157 1154 vel
2170 1063 2298 1167 saltem
2310 1099 2386 1158 non

1015 1186 1059 1272 in
1076 1189 1164 1272 aire
1184 1181 1381 1284 densiore,
1413 1209 1531 1300 quant
1550 1186 1605 1270 est
1627 1190 1692 1284 air
1709 1185 1750 1270 in
1779 1186 1969 1298 particulis
1988 1185 2102 1274 alcali
2131 1181 2314 1280 inclusur
2333 1181 2387 1278 lc·

1015 1329 1084 1392 cur
1114 1299 1218 1392 enim
1238 1297 1486 1402 sctttntatio
1501 1327 1700 1415 nunquam
1720 1301 1915 1404 efficietur.

1617 1487 1798 1586 XXl.

1075 1645 1220 1741 Pariter
1240 1643 1508 1771 observamus,
1536 1649 1580 1748 ln
1610 1653 1703 1742 loco
1726 1647 1853 1739 clauso
1884 1652 1979 1738 nihil
2011 1643 2291 1752 effervescere,
2333 1649 2392 1734 ni·

1017 1765 1151 1884 h'ilque
1173 1768 1390 1858 fermentari
1408 1765 1536 1882 posse,
1569 1769 1624 1859 ob
1650 1770 1813 1864 eandem
1838 1769 1916 1854 fere
1943 1771 2156 1868 rationem,
2197 1793 2314 1880 quam
2334 1759 2356 1848 s
2373 1810 2392 1836 ·

1017 1915 1087 2003 pta
1107 1887 1322 1977 attulimust
1353 1888 1432 1992 iant
1454 1888 1558 1972 enim
1583 1887 1758 1986 ostendi,
1773 2001 1786 2024 Ὦ
1804 1885 1935 2000 quod,
1975 1908 2110 1997 preter
2145 1879 2393 2018 disciffiontrn

1016 1993 2398 2230 amltlllln‘ldt‘llflll²lllrqlllss‘llzlslnll:

1013 2235 1139 2318 danai
1157 2237 1198 2316 in
1214 2227 1301 2320 vase
1318 2232 1492 2344 quodam
1517 2237 1712 2322 communi
1733 2227 2062 2346 permisceantur
2106 2257 2176 2315 vas
2193 2254 2329 2318 autem
2351 2229 2397 2316 il·

988 2349 1110 2449 lud,
1141 2350 1218 2432 hoc
1238 2341 1362 2432 modo
1389 2349 1572 2459 plenum,
1601 2348 1760 2436 firmiter
1781 2343 1995 2434 obstruatur
2003 2381 2020 2440 r
2048 2347 2154 2432 nulla
2170 2342 2321 2458 prorsus
2329 2375 2398 2432 ex·

1015 2465 1195 2550 citabitur
1217 2457 1500 2549 effervescentia
1522 2499 1532 2547 ι
1557 2491 1646 2550 nant
1673 2459 1849 2579 quamvis
1900 2461 2005 2547 acidi
2036 2464 2226 2574 particule
2253 2461 2398 2549 diffrin-

1015 2605 1111 2694 gant
1129 2580 1328 2691 particulas
1360 2581 1494 2680 alcali,
1519 2604 1653 2665 tamen
1693 2590 1757 2664 a'e'r
1777 2581 1818 2664 in
1852 2581 1925 2664 his-
1952 2601 2155 2665 contentus
2197 2605 2282 2664 non
2323 2607 2400 2692 po·

1018 2699 1108 2781 terit
1142 2689 1179 2780 se
1208 2694 1454 2806 expandere,
1504 2697 1602 2809 quia
1640 2687 1776 2779 omnia
1805 2698 1883 2802 jam
1913 2689 1997 2782 sunt
2027 2696 2172 2806 plenas
2217 2693 2403 2806 expansu

1018 2812 1163 2923 quippe
1180 2812 1338 2923 requirit
1368 2805 1528 2922 spatium
1553 2814 1672 2918 majus
1707 2833 1822 2923 quant
1847 2834 1942 2895 ante
1973 2808 2067 2901 suits
2108 2811 2230 2896 hocce
2265 2813 2404 2922 itaque

1019 2925 1143 3008 modo
1166 2931 1231 3010 ait
1252 2953 1276 3006 a
1298 2925 1491 3034 particulis
1511 2947 1593 3014 non
1602 2921 1841 3024 secernetur,
1867 2923 2054 3040 'nullaque
2086 2923 2198 3038 proin
2221 2917 2406 3012 efferves-

1020 3043 1146 3126 centia
1170 3039 1425 3152 generabitur.
1484 3037 1597 3126 Hinc
1635 3037 1845 3126 commode
1861 3044 1959 3126 ratio
1978 3029 2089 3126 reddi
2114 3044 2265 3153 potest,
2292 3067 2404 3142 cur,

1019 3156 1048 3240 st
1070 3159 1155 3270 quis
1177 3158 1311 3240 vlnum
1329 3157 1494 3240 mustum
1524 3155 1665 3242 diutius
1689 3156 1803 3242 dulce
1830 3152 2000 3254 servare,
2022 3161 2070 3240 ·&
2083 3182 2115 3240 a
2134 3155 2408 3243 fermentatio·

1021 3299 1073 3356 ne
1093 3299 1305 3383 praecavere
1321 3272 1441 3369 velit,
1469 3265 1594 3378 'soleat
1620 3271 1796 3368 dolium,
1823 3271 1892 3356 vel
1922 3289 2014 3366 uas,
2041 3289 2127 3380 'quo
2144 3271 2410 3370 continetur,

1019 3410 1195 3472 accurate
1228 3393 1268 3470 δι
1298 3384 1455 3472 firmiter
1465 3381 1719 3498 'undiquaque
1737 3385 1943 3474 obturaret
1974 3384 2181 3485 nimitum,
2214 3413 2304 3498 ope
2332 3386 2411 3472 hu·

1019 3506 1080 3612 jus
1124 3502 1414 3601 obturationis,
1457 3503 1588 3621 primo
1629 3493 1887 3613 praescinditur
1924 3499 2050 3584 onmis
2095 3504 2412 3588 communicatio

1021 3621 1118 3702 aeris
1152 3620 1299 3702 externi
1322 3645 1420 3702 cunr
1443 3618 1601 3716 musto,
1642 3643 1759 3728 quem
1793 3611 2023 3730 ptaec'ipuatn
2045 3609 2200 3698 'musam
2233 3613 2412 3706 sennen·

1022 3729 1178 3817 tationis
1205 3734 1315 3816 musti
1350 3729 1454 3831 else,
1490 3727 1600 3844 supra
1630 3731 1760 3824 innui5
1798 3729 1963 3829 deinde,
1992 3731 2065 3815 hac
2103 3731 2414 3835 obstructione,

1022 3851 1150 3932 omnis
1168 3849 1276 3933 locus
1298 3847 1503 3946 adinrinrt,
1532 3873 1651 3962 quern
1671 3855 1733 3932 aser
1769 3871 1971 3957 erumpens
1996 3871 2025 3932 ‘t
2045 3846 2237 3958 particulis
2275 3843 2424 3936 solutis

1021 3988 1210 4076 occupare
1224 3961 1375 4075 possett
1408 3961 1535 4074 fitque
1567 3967 1718 4076 cogitur
1743 3957 1847 4048 'intra
1866 3959 2059 4048 terminos
2086 3955 2172 4048 suos
2205 3987 2421 4052 numeret

1022 4103 1111 4159 cum
1136 4101 1265 4160 autern
1282 4081 1425 4191 qumvis
1447 4074 1757 4178 effervescentia,
1787 4072 1852 4164 vel
1875 4075 2143 4180 sennentatio,
2173 4079 2214 4164 in
2237 4081 2422 4194 hocpo·

1022 4189 1198 4276 titsrmum
1225 4193 1419 4292 confistat,
1449 4217 1492 4276 ut
1517 4199 1622 4277 aira
1643 4191 1833 4306 parricidis
1854 4194 2139 4288 continentibus,
2165 4187 2424 4298 secernatur,

836 4333 839 4340 ·
1022 4305 1117 4397 ficut
1136 4329 1248 4393 antea
1265 4307 1366 4399 dixi3
1398 4302 1587 4422 sequitur,
1608 4334 1772 4409 ut,cum
1785 4311 1870 4395 talis
1883 4304 2090 4398 secretioin
2108 4310 2220 4398 dolio
2233 4311 2331 4400 fieri
2347 4343 2423 4401 ne.-

1078 4422 1683 4537 eat‚vinurndesacarinrntquatn
1692 4425 1825 4538 possut,
1855 4419 2158 4526 sedineostatu,
2186 4427 2227 4510 in
2242 4431 2426 4543 quoesi,

1038 4569 1169 4655 emper
1190 4564 1341 4625 maneat
1360 4537 1506 4628 necesse
1527 4541 1584 4626 est
1606 4575 1616 4626 t
1641 4541 1668 4626 st
1689 4571 1809 4642 vero,
1836 4541 1902 4625 vel
1923 4543 2080 4626 minima
2096 4541 2259 4644 rimula,
2297 4541 2370 4648 seu
2382 4573 2428 4632 a·

1023 4681 1196 4768 pertuta,
1227 4659 1267 4742 in
1288 4655 1401 4756 dolio
1420 4659 1578 4770 euisht,
1604 4662 1669 4744 air
1702 4659 1793 4758 iste,
1825 4657 1923 4741 intra
1950 4651 2168 4774 corpuscula
2199 4667 2377 4752 coactus
2409 4723 2426 4763 ,

1024 4799 1182 4858 omnem
1194 4773 1366 4859 laborem
1379 4772 1563 4878 eludens,
1583 4803 1661 4888 ope
1681 4777 1741 4884 vis
1765 4767 1835 4888 suar
1858 4773 2037 4880 classice,
2067 4775 2157 4863 data
2177 4775 2254 4862 hac
2279 4805 2426 4891 porta,

1022 4913 1111 4971 cunr
1147 4888 1334 4975 violentia
1367 4917 1562 5012 etumpctt
1593 4895 1676 5000 into
1707 4887 1929 4996 intudun,
1968 4889 2043 4984 nifi
2066 4890 2219 4988 dolium
2246 4891 2428 4994 fortiter

2298 5037 2432 5098 com·
