5500 6884
496 846 840 946 summunt
868 845 1333 947 monstramur
1355 852 1599 950 snorum
1635 835 1639 842 ’
1677 877 1761 976 sn

365 1014 451 1108 usus
473 1026 554 1127 esl,
585 1024 627 1107 in
656 1053 708 1111 eo
737 1021 930 1124 consistit,
963 1022 1075 1139 quod
1091 1024 1306 1112 differentia
1331 1025 1497 1114 duorum
1515 1029 1762 1144 angulorum,¹

364 1167 468 1253 quos
494 1139 587 1226 facit
605 1141 708 1228 linea
735 1139 889 1256 quoeslta
918 1169 1007 1228 cum
1025 1141 1180 1230 duobus
1206 1139 1401 1258 quibusvis
1430 1147 1647 1233 meridianis
1669 1177 1762 1262 pro·

364 1260 480 1344 simis
506 1253 762 1372 in‘superficie
789 1258 992 1360 conoidis,
1014 1261 1080 1346 vel
1108 1256 1328 1374 sphaeroidis
1357 1262 1504 1366 dusiis,
1535 1265 1678 1350 debeat
1704 1259 1764 1352 es·

363 1371 403 1460 se
431 1377 586 1576 apponis
614 1377 782 1491 angulo,
805 1404 925 1490 quem
954 1378 1288 1489 comprehendunt
1317 1379 1402 1466 duae
1431 1383 1472 1464 in
1503 1379 1588 1492 ipsrs
1614 1385 1781 1495 pundlis

363 1493 447 1578 inte
479 1497 676 1580 edionum
703 1517 905 1607 tangentes
932 1494 1205 1596 meridianos,
1240 1502 1281 1580 δι
1311 1499 1352 1581 ἰιι
1382 1525 1455 1583 axe
1486 1497 1666 1582 conoidis
1695 1499 1764 1586 vel

364 1602 586 1725 sphaetoidis
624 1636 908 1697 concurrentes.
966 1609 1046 1696 Sed
1087 1640 1204 1726 quam
1240 1640 1376 1725 parum
1407 1615 1486 1699 hoc
1518 1617 1605 1699 est!
1639 1611 1764 1702 Valet

366 1730 493 1828 enim,
522 1731 591 1813 vix
608 1755 655 1812 ac
683 1757 735 1814 ne
762 1729 831 1814 vix
860 1724 1043 1843 quidem,
1074 1729 1116 1812 in
1146 1729 1379 1815 conoidibus
1398 1738 1439 1816 δι
1460 1726 1765 1846 sphaeroidibus,'
1817 1825 1821 1833 ,

366 1851 409 1930 dc
426 1844 587 1958 quidem
603 1845 748 1932 bassum
765 1846 1023 1932 circularium:
1047 1840 1115 1932 sed
1134 1845 1317 1960 nequein
1338 1848 1397 1932 his
1413 1848 1616 1939 omnibuss
1642 1877 1760 1962 opor·

366 1983 427 2047 tet
447 1957 596 2076 insuper
616 1990 730 2048 axem
751 1966 896 2048 redum
922 1959 997 2048 esse
1027 1963 1078 2048 ad
1105 1963 1233 2047 basm:
1257 1987 1298 2048 at
1325 1993 1422 2050 vero
1449 1988 1549 2079 quot
1579 1959 1663 2049 sunt
1692 1992 1764 2049 co·

365 2077 506 2164 noides
517 2139 532 2180 ,
563 2103 664 2194 quot
680 2075 938 2192 sphaeroides,
960 2106 1122 2194 quarum
1146 2081 1227 2164 axis
1243 2083 1298 2165 est
1319 2082 1535 2194 obliquus?
1557 2105 1657 2194 quot
1677 2075 1763 2166 sunt

364 2197 531 2295 iterum,
546 2222 708 2310 quarum
723 2190 830 2282 bases
852 2225 934 2282 non
947 2191 1031 2278 sunt
1042 2197 1267 2280 circulares?
1299 2192 1457 2283 Vellem
1479 2200 1611 2310 itaque
1624 2223 1667 2282 ut
1686 2191 1763 2282 res·
1847 2229 1857 2241 ’

365 2313 552 2425 tringeret
574 2312 697 2398 verba
717 2306 807 2412 sua,
832 2310 992 2425 quando
1015 2309 1132 2412 dicit,
1161 2310 1349 2398 Problema
1376 2324 1418 2397 in
1446 2313 1605 2396 omnibus
1620 2323 1762 2424 pariter
1911 2309 1913 2314 ’
2006 2341 2010 2348 ·

365 2428 566 2513 cumdius
594 2430 641 2524 ἀ
655 2428 930 2541 sphaeraeidibss,
962 2459 1054 2542 aque
1074 2456 1118 2511 ac
1143 2439 1286 2513 tircano
1308 2434 1510 2545 cylindrove
1533 2428 1596 2539 effe
1616 2432 1762 2536 facilli·

366 2577 487 2637 mum,
515 2546 567 2631 ad
589 2545 673 2630 illas
697 2569 957 2662 tantumque
985 2541 1071 2629 sunt
1095 2549 1204 2631 restae
1233 2553 1275 2631 dc
1304 2548 1517 2632 circulares.
1576 2541 1764 2632 Praeterea

364 2661 395 2748 li
425 2662 709 2750 consideremus
737 2662 1025 2748 multitudinem
1053 2667 1094 2748 dc
1127 2664 1355 2750 varietatem
1390 2662 1578 2748 infinitam
1608 2655 1766 2776 superfi-

366 2780 512 2866 cierum
533 2807 756 2880 curvamur,
778 2807 865 2894 quaa
884 2781 1000 2891 plane
1025 2773 1206 2865 nonsunt
1227 2778 1417 2866 conoides
1429 2807 1503 2866 nec
1520 2770 1762 2892 sphaeroidese

365 2893 478 2985 fateri
497 2920 681 3009 oportet,
712 2925 796 2982 sem
814 2893 890 2982 esse
911 2898 1042 3010 exigui
1061 2899 1284 2997 momenti,
1315 2896 1427 3012 quod
1456 2899 1496 2980 in
1530 2896 1766 2980 conoidibus
1871 2905 1880 2915 '

365 3018 411 3098 dr
432 3007 707 3124 sphaeroidibus
734 3015 962 3128 praestitum,
991 3041 1068 3124 prae
1096 3042 1147 3098 eo
1177 3013 1289 3127 quod
1314 3041 1338 3096 a
1363 3013 1493 3099 Fratre
1512 3009 1763 3124 praestandum

364 3125 547 3242 superest.
604 3127 714 3218 Heic
737 3131 853 3244 igitur
876 3157 941 3223 me
957 3125 1084 3214 secisse
1106 3129 1254 3242 aliquid
1273 3153 1393 3240 puto,
1423 3129 1534 3240 quod
1555 3128 1764 3239 repererim

365 3247 476 3332 viam
496 3249 714 3359 generalem
734 3245 988 3362 perveniendi
1015 3245 1067 3331 ad
1090 3248 1349 3360 aequationem
1377 3271 1450 3356 pro
1474 3243 1610 3358 quavis
1635 3238 1764 3354 super·

367 3359 456 3449 ficie
475 3391 593 3448 curva
610 3363 723 3464 data,
746 3364 792 3451 srt
809 3363 1042 3463 conoidica,
1065 3362 1111 3446 srt
1132 3391 1214 3446 non
1243 3361 1472 3455 conoidicas
1498 3387 1615 3472 quam
1639 3359 1767 3446 Fratri

368 3478 628 3593 indagandam
655 3482 859 3594 relinquo,
890 3505 936 3564 ut
963 3503 1125 3589 tempus·
1142 3479 1285 3564 habeat
1307 3469 1412 3562 suam
1440 3476 1692 3590 perficiendi,
1724 3483 1767 3563 &

368 3591 609 3684 Problemati
637 3627 688 3684 ex
709 3594 783 3682 asse
804 3593 1070 3682 satisfaciendi.

428 3709 475 3796 In
497 3743 602 3800 cono
625 3715 768 3827 quovis
794 3713 984 3826 obliquo,
1015 3740 1088 3824 pro
1117 3737 1223 3824 quo,
1253 3715 1294 3794 dc
1324 3708 1487 3822 quidem
1512 3729 1662 3796 tantum
1682 3736 1766 3796 rec·

370 3851 442 3929 to,
459 3829 742 3943 prolixissimam
763 3832 1084 3916 construdlionem
1107 3826 1289 3926 exhibet,
1319 3833 1360 3910 δι
1385 3851 1515 3910 tamen
1538 3855 1619 3910 non
1646 3827 1766 3914 docet

369 3947 580 4062 quomodo
620 3949 725 4034 linea
761 3950 920 4033 iuventa
953 3975 1022 4060 pet
1060 3944 1152 4029 data
1189 3942 1271 4026 duo
1299 3949 1440 4054 pundla
1470 3941 1648 4026 ducenda
1678 3941 1763 4035 stt,-

370 4063 594 4177 paucisllmis
622 4065 780 4166 verbis,
803 4064 881 4151 stne
906 4059 1122 4160 schemate,
1152 4061 1312 4144 itatem
1341 4058 1534 4172 expedio:
1571 4054 1712 4143 Duslis
1742 4083 1766 4144 a

371 4181 531 4269 duobus
551 4184 699 4293 pundis
728 4179 827 4266 datis
853 4179 905 4266 ad
930 4182 1116 4265 verticem
1139 4177 1230 4260 coni
1261 4177 1411 4262 duabus
1442 4177 1573 4267 restim
1606 4175 1699 4261 fiant
1725 4179 1768 4262 iu

371 4299 491 4411 plano
517 4299 605 4384 duae
629 4301 711 4387 alite
740 4302 850 4384 red'tae
880 4297 967 4409 ipsis
1000 4296 1192 4407 aquales,
1223 4299 1264 4376 δι
1293 4293 1476 4409 angulum
1512 4295 1767 4406 comprehen-

371 4413 510 4502 dentes
539 4418 724 4532 aequalem
745 4415 888 4529 angulo
906 4407 1117 4527 superficiei
1142 4411 1287 4496 conica
1309 4437 1499 4499 contento
1519 4409 1667 4494 duabus
1689 4411 1768 4494 istis

372 4535 484 4618 tetris
504 4536 545 4619 in
571 4564 676 4620 cono
703 4533 846 4619 dusiis:
874 4534 1156 4644 coniungantur
1185 4535 1287 4616 tedia
1314 4531 1574 4616 extremitates
1605 4526 1768 4614 duarum

370 4655 559 4736 testarum
583 4655 625 4736 in
652 4654 794 4765 plano,
821 4677 938 4765 quam
966 4642 1068 4733 secet
1088 4647 1163 4732 alia
1192 4651 1294 4732 resta
1322 4671 1518 4758 utcunque
1546 4672 1594 4728 ex
1622 4647 1768 4757 angulo

372 4768 479 4880 plani
501 4769 635 4862 dudar
661 4769 875 4854 distantiam
901 4761 1175 4852 intersectionis
1198 4762 1357 4850 transfer
1385 4763 1579 4848 avertice
1609 4765 1700 4845 coni
1728 4767 1769 4850 iu

371 4880 610 4996 superficiem
638 4888 841 4986 corsicam,
872 4888 928 4971 ita
953 4908 998 4970 ut
1025 4881 1331 4993 cumprioribus
1360 4883 1469 4967 redis
1495 4877 1609 4963 saciat
1636 4881 1677 4962 in
1708 4875 1769 4967 sun

372 5002 532 5119 perficie
560 5005 698 5088 conica
728 5005 888 5111 angulos
917 5001 1081 5117 aquales
1106 4998 1253 5111 angulis
1281 5030 1382 5117 quos
1410 4997 1501 5086 sarit
1538 5025 1626 5086 cum
1657 4997 1771 5086 lineis

432 5119 540 5220 Iota.
563 5120 748 5208 Barnoulli
771 5119 894 5235 Opera
917 5129 1037 5208 omnia
1064 5113 1192 5228 Tomg
1219 5109 1253 5226 Ι,
1473 5110 1535 5226 Li
1726 5114 1769 5196 in
