5500 6884
979 798 1060 883 372
1244 750 1504 850 N⁶.LXV.
1565 746 2197 861 DISQUISITIO

976 931 1032 1017 est
1060 920 1111 1007 td
1128 916 1345 1027 repudiatam,
1375 942 1442 1001 aut
1466 912 1599 1001 saltem
1626 913 1733 999 haud
1757 917 1883 1001 multo
1915 912 2136 999 evidentius
2163 950 2173 997 t
2205 911 2376 1001 'tandem

976 1038 1138 1161 quoque
1160 1066 1211 1125 ex
1229 1064 1276 1123 ea
1293 1031 1538 1148 sequerettu,
1568 1034 1698 1118 radios
1720 1034 1906 1149 quamdiu
1926 1035 1965 1115 in
1985 1030 2129 1118 eodem
2145 1032 2272 1118 adhuc
2292 1063 2376 1119 me·
2451 1030 2455 1036 ’

977 1165 1047 1249 dio
1071 1160 1322 1269 homogeneo
1342 1149 1564 1253 versanntr,
1595 1180 1677 1236 non
1696 1153 1835 1266 aequali
1852 1150 2035 1237 facilitate
2055 1152 2292 1263 procedere,
2309 1148 2378 1236 sed

976 1274 1370 1396 perpendiculariores
1406 1270 1586 1370 facilius,
1616 1274 1749 1385 aegrius
1782 1298 1880 1353 vero
1915 1271 2158 1383 obliquiores
2179 1298 2203 1353 a
2228 1274 2376 1382 pundo

976 1396 1151 1482 radiante
1176 1418 1375 1489 emanare,
1404 1388 1516 1503 quod
1540 1388 1656 1472 valde
1678 1382 1865 1473 absonum
1878 1390 1958 1478 ests
1990 1389 2097 1472 nulla
2120 1390 2225 1473 enim
2251 1390 2292 1471 in
2314 1416 2376 1471 ra·

976 1514 1052 1598 diis
1078 1507 1334 1617 confidentur
1357 1506 1742 1619 perpendicularitas,
1773 1506 1878 1590 nulla
1895 1504 2133 1619 obliquitas,
2160 1505 2231 1589 nist
2250 1500 2379 1619 respo-

879 1722 884 1729 ,
974 1635 1036 1713 esu
1062 1626 1113 1719 ad
1135 1624 1309 1710 medium
1331 1624 1440 1709 aliud
1464 1617 1622 1709 diversa
1650 1650 1675 1706 a
1706 1625 1826 1737 priori
1853 1622 2130 1723 consistentia,
2156 1651 2181 1707 a
2203 1652 2288 1736 quo
2308 1650 2374 1705 au-

976 1770 1058 1831 tem
1087 1742 1213 1840 radii,
1246 1764 1335 1826 ante
1357 1735 1587 1852 appulsum,
1618 1742 1714 1823 nihil
1742 1743 1878 1856 utique
1908 1741 2133 1825 mutationis
2155 1744 2376 1852 patiuntur,

1010 1866 1073 1944 uia
1095 1860 1191 1941 radii
1218 1860 1258 1941 in
1285 1886 1422 1941 omnes
1444 1880 1571 1968 partes
1596 1859 1678 1969 pari
1705 1856 1886 1942 facilitate
1911 1854 2162 1971 sparguntur:
2194 1858 2262 1942 nist
2292 1859 2380 1971 quis

980 1892 1083 2061 Esne
1103 2004 1190 2057 cum
1213 1973 1422 2058 acutissnno
1451 1971 1765 2063 NEWToNo
1794 1976 1891 2059 velit
1915 1976 1967 2058 ali
1996 2004 2084 2060 uam
2106 1976 2188 2058 vim
2215 1978 2380 2059 statuere

980 2096 1022 2176 in
1042 2094 1164 2175 altero
1187 2090 1347 2190 medio,
1379 2120 1449 2203 per
1471 2119 1587 2204 quarn
1609 2092 1729 2192 radii,
1760 2117 1851 2178 ante
1872 2005 2078 2203 allnpium,
2109 2095 2187 2201 jam
2204 2093 2372 2175 allician-
2541 2155 2542 2158 a

795 2232 814 2268 ⁶
832 2230 893 2296 Lu,
916 2234 940 2299 a
979 2235 1041 2293 tur
1061 2211 1128 2293 uni
1149 2207 1285 2293 fortius
1308 2236 1426 2321 quam
1447 2208 1526 2292 alii.
1580 2206 1681 2296 Vid.
1705 2208 1866 2322 Princip.
1899 2205 2092 2294 Marem.
2111 2208 2211 2293 Phil.
2234 2203 2329 2293 Nat.
2353 2206 2381 2259 *

796 2315 962 2410 SettX1v.
979 2328 1082 2412 unde
1111 2329 1228 2410 etiam
1260 2322 1600 2414 NEWTONUS
1632 2351 1805 2412 naturam
1830 2329 2049 2413 reflexionls
2076 2332 2117 2411 δι
2144 2323 2381 2413 relictionis

795 2415 940 2539 3233?oe
978 2446 1169 2557 explicam
1201 2437 1267 2526 sed
1288 2444 1490 2554 ingeniose
1516 2446 1637 2556 magis
1663 2472 1782 2557 quarn
1803 2476 1910 2530 vere:
1955 2442 2072 2553 Quid
2095 2448 2222 2546 enim,
2253 2451 2293 2529 δι
2307 2474 2381 2527 un·
2541 2553 2542 2566 Ν

796 2552 878 2635 9¹⁰9·
893 2564 940 2635 ⁹⁶·
979 2562 1031 2647 de
1056 2562 1121 2641 illa
1147 2559 1206 2640 vis
1233 2560 1455 2657 attractiva,
1487 2559 1537 2642 ab
1562 2562 1631 2645 illo
1647 2604 1651 2612 ·
1665 2589 1747 2644 non
1771 2566 2008 2674 exponitur,
2038 2555 2105 2647 sed
2126 2557 2379 2676 supponituts

983 2704 1062 2792 qua
1086 2670 1283 2777 concella,
1310 2672 1436 2759 fateor
1457 2678 1744 2793 perelegantem
1771 2676 1845 2765 elle
1862 2675 2136 2765 Nevtonimm
2154 2680 2380 2795 explicatio
2541 2767 2542 2798 Ν

979 2822 1100 2893 nem,
1131 2823 1215 2907 quae
1243 2788 1533 2879 Mathematico
1555 2798 1670 2908 plane
1695 2789 1909 2882 satisfaciat.
2541 2891 2543 2928 ‚

1040 2906 1194 2997 Verum
1221 2913 1298 3016 jam
1322 2911 1489 2992 nostram
1515 2910 1716 3011 dabimus,
1748 2944 1824 3027 qua
1851 2914 1979 3029 rigido
1999 2910 2187 3027 Phyfico,
2208 2944 2291 3000 non
2310 2916 2379 2999 rni-
2541 2933 2542 2940 ‘

808 3102 811 3109 .
983 3058 1055 3115 nus
1082 3032 1198 3141 quam
1219 3051 1398 3112 accurato
1417 3021 1707 3114 Mathematico
1727 3025 1951 3116 satisfadlum
1970 3034 2016 3115 iri
2043 3028 2255 3145 speramus;
2287 3029 2380 3117 allu-
2541 3043 2543 3121 l

986 3170 1135 3231 mentes
1159 3175 1207 3229 ex
1230 3141 1391 3257 Physica
1413 3145 1519 3228 aliud
1537 3148 1655 3248 nihil,
1673 3176 1791 3261 quarn
1811 3146 1922 3263 quod
1936 3150 1988 3233 ab
2009 3151 2189 3234 omnibus
2207 3147 2379 3263 Opticis,
2541 3157 2543 3240 l

988 3254 1243 3372 cujuscunque
1276 3263 1472 3373 opinionis
1503 3262 1644 3348 fiterint
1672 3267 1793 3365 alias,
1823 3264 1935 3351 facile
1963 3268 2129 3353 concedi
2152 3294 2302 3381 queats
2333 3297 2382 3351 ex

987 3370 1161 3461 Mathest
1181 3402 1305 3475 vcro,
1337 3378 1449 3487 quod
1474 3380 1551 3486 jam
1584 3382 1678 3463 alibi
1708 3382 2008 3468 demonstratum
2029 3386 2095 3469 est.
2155 3382 2383 3500 Incipiemus

780 3492 785 3507 ‘
818 3530 821 3538 ¹
988 3514 1119 3575 autem
1154 3517 1180 3571 a
1218 3489 1478 3585 refradioner
1521 3523 1568 3578 ea
1603 3499 1708 3580 enim
1739 3502 1965 3612 explicata,
2004 3506 2221 3588 reflexionis
2250 3530 2382 3588 natura

988 3602 1125 3721 sponte
1159 3605 1239 3692 fere
1276 3613 1398 3706 fluet,
1430 3610 1471 3691 δι
1502 3611 1550 3694 fic
1580 3638 1691 3699 tanto
1725 3614 1871 3701 facilius
1901 3622 2147 3734 intelligetur.
2216 3616 2384 3708 Constat

988 3727 1124 3837 utique
1169 3732 1211 3809 1⁰
1250 3727 1512 3829 readionem,
1554 3760 1638 3844 quae
1674 3736 1795 3818 oritur
1825 3767 1875 3820 ex
1913 3740 2066 3823 aclione
2092 3741 2257 3853 aliqua,
2295 3741 2384 3825 huic

988 3836 1135 3953 semper
1167 3838 1241 3927 else
1267 3844 1496 3928 contrariam
1520 3851 1561 3929 ac
1585 3851 1771 3961 aequalem
1792 3885 1805 3943 3
1836 3855 1914 3936 hoc
1944 3858 2026 3971 eil,
2057 3853 2221 3943 eandem
2245 3860 2327 3943 vim
2344 3859 2385 3939 in

872 4004 874 4007 ·
990 3982 1107 4070 agens
1141 3960 1355 4046 redundare
1386 3964 1426 4045 in
1457 3988 1582 4075 partes
1605 3966 1799 4078 oppolitas
1823 3998 1943 4083 quam
1967 3973 2124 4059 transtrt
2146 3978 2186 4059 in
2207 3977 2385 4085 patiens:

852 4086 857 4089 ’
992 4080 1207 4161 communis
1222 4080 1325 4161 enim
1344 4082 1445 4162 adlio
1455 4141 1469 4181 ,
1488 4081 1566 4166 five
1579 4082 1644 4169 illa
1659 4084 1834 4169 consistat
1851 4091 1891 4171 in
1908 4092 1983 4173 iesu
1993 4151 2005 4189 ,
2024 4090 2102 4175 stve
2121 4095 2161 4174 in
2179 4090 2386 4203 impteffio·

991 4220 1065 4293 ne,
1097 4192 1174 4275 five
1203 4196 1243 4275 in
1265 4194 1439 4280 tenfione
1451 4258 1465 4297 ,
1496 4204 1572 4284 &c
1603 4202 1642 4283 in
1666 4226 1872 4317 utrumque
1895 4209 2090 4319 aequnliter
2114 4210 2305 4295 exeriturt
2338 4208 2387 4292 stc

990 4334 1138 4423 quanta
1161 4312 1203 4395 vi
1229 4311 1388 4395 malleus
1411 4313 1562 4399 clavum
1583 4322 1771 4427 pereutit,
1801 4346 1909 4408 tanta
1932 4352 2095 4437 quoque
2115 4354 2142 4410 a
2161 4329 2276 4410 clavo
2300 4354 2386 4439 pet·

975 4432 1159 4520 entitur}
1193 4454 1336 4543 quanta
1354 4426 1459 4514 idem
1485 4434 1639 4544 pondus
1660 4440 1799 4547 premit
1822 4436 2026 4551 subjedam
2045 4442 2176 4544 basm,
2206 4468 2313 4545 tanta
2335 4444 2385 4529 ab

994 4566 1040 4625 ea
1058 4550 1258 4651 premitutr
1292 4546 1341 4631 fic
1363 4576 1524 4665 quoque
1553 4552 1700 4638 chorda
1721 4560 1941 4643 extenditur
1964 4562 2004 4639 &
2026 4561 2237 4648 extrnfioni
2256 4559 2387 4647 resrstit

993 4656 1140 4785 viribus
1163 4666 1336 4771 paribus,
1369 4673 1444 4754 dcc.
1506 4664 1673 4755 Constat
1695 4677 1811 4758 etiarn
1838 4687 1881 4759 2⁰
1904 4674 2000 4759 duas
2018 4681 2143 4778 vires,
2165 4679 2243 4765 srve
2263 4709 2384 4795 aequa·

994 4772 1078 4870 ks,
1109 4772 1186 4861 stur
1205 4779 1437 4893 inaequalrs,
1467 4788 1507 4870 in
1531 4782 1569 4873 se
1592 4813 1729 4875 mutuo
1755 4793 1877 4877 libere
1902 4818 2091 4905 agentes,
2121 4796 2174 4882 ad
2201 4828 2293 4883 eum
2316 4799 2386 4880 sta-

995 4912 1109 4997 tum,
1140 4894 1206 4981 vel
1224 4892 1355 5001 sanun,
1386 4895 1710 5021 secomponere‚
1739 4909 1780 4993 in
1804 4936 1887 5025 quo
1910 4937 2042 5001 earum
2073 4940 2274 5005 momenta
2294 4914 2389 4999 fiant

2261 5061 2388 5150 aequr·
