5500 6884
739 700 1559 856 1ΗὲΝΠΉΗΤΙΟΠ.Ι
1730 677 1929 884 ἰςργ
2050 807 2058 824 ·

422 931 631 1053 reptibile:
661 935 809 1023 etenim
836 932 880 1020 in
908 930 987 1050 ipsa
1015 937 1142 1023 statim
1169 937 1423 1052 generatione
1452 935 1648 1042 hominis,
1677 947 1854 1062 corpus·

427 1059 557 1142 culum
571 1056 678 1162 ejus,
709 1051 821 1173 quod
832 1054 1043 1144 etiamnum
1056 1056 1182 1142 ovulo
1207 1079 1384 1142 materno
1401 1055 1633 1158 includitur,
1667 1063 1836 1159 crescere
1915 1112 1921 1124 ·

423 1176 628 1286 incipit&
654 1174 897 1286 peregrinam
919 1177 1119 1260 materiam
1147 1175 1188 1260 in
1216 1167 1272 1260 sui
1300 1169 1542 1260 substantiam
1572 1205 1831 1274 convertere:

238 1394 240 1405 ,
421 1287 553 1404 Ergo,
581 1316 671 1376 cum
691 1291 743 1376 ab
769 1319 821 1376 eo
834 1317 1039 1378 momento
1060 1294 1210 1408 reliqua
1231 1294 1364 1378 omnia
1381 1292 1452 1376 sint
1472 1291 1750 1406 accidentalia,
1774 1300 1829 1392 se.

238 1414 239 1457 ³
421 1410 555 1523 quitur
574 1435 713 1522 corpus
743 1405 922 1498 Goliathi
950 1407 1166 1512 essentiale,
1190 1406 1360 1525 sepositis
1373 1409 1557 1496 omnibus
1579 1415 1827 1506 accidentali·

419 1525 519 1728 pus,
550 1525 714 1664 tandem
726 1523 873 1706 ¹reduci
893 1527 947 1625 ad
967 1529 1167 1622 invisibilis
1195 1531 1303 1620 acori
1323 1526 1647 1648 ntagnitudiuttn.
1690 1531 1830 1634 Risum

437 1667 585 1739 entant
602 1669 738 1736 amru.
1325 1685 1328 1688 ·

992 1877 1250 1975 XXIV.

477 2107 619 2259 Atque
647 2117 752 2204 bunc
780 2119 993 2206 verborum
1019 2142 1198 2206 mennam
1226 2112 1371 2204 sensum
1401 2115 1543 2225 sitisse,
1573 2124 1707 2238 potuit
1734 2129 1820 2215 col·

417 2231 490 2348 ligi
512 2235 676 2338 exinde,
708 2237 819 2352 quod
840 2232 986 2351 inipso
1008 2237 1080 2322 illo
1102 2243 1212 2337 abiu,
1239 2238 1384 2324 iteratis
1406 2240 1570 2342 vicibus,
1590 2242 1643 2328 ad
1667 2240 1819 2359 Oppo-¹

417 2379 577 2441 nentem
598 2384 729 2440 meum
755 2355 920 2441 dixerim
932 2416 946 2456 ,
970 2349 1065 2469 (sed
1087 2353 1200 2469 quod
1224 2349 1460 2442 accusatores
1488 2359 1565 2444 mei
1598 2361 1681 2447 alto
1705 2361 1817 2450 lilen·

417 2472 478 2558 tio
500 2497 730 2586 praetereunt
763 2471 904 2581 caute)
929 2497 976 2557 ιιι
1002 2505 1074 2558 nan
1097 2472 1207 2558 habes
1227 2476 1322 2556 idem
1355 2500 1479 2588 corpur
1507 2481 1605 2590 quod
1632 2502 1718 2561 aare
1747 2509 1813 2562 aa·

411 2620 505 2673 aum
528 2589 703 2698 babussr'r
732 2589 1067 2705 quemadmodum
1094 2618 1233 2677 omncs
1255 2591 1453 2678 auditores
1477 2595 1603 2680 testari
1629 2591 1812 2708 possunt:

416 2704 521 2823 adeo
546 2733 591 2792 nt
604 2709 741 2796 inutile
768 2705 915 2809 sitisset,
946 2739 1034 2811 nte,
1064 2711 1131 2796 tel
1152 2711 1426 2824 posteainalia
1446 2706 1725 2824 Disputatione
1743 2710 1813 2800 sub

413 2818 564 2910 Celeb.
593 2821 871 2915 Bltau'nto
898 2825 1057 2928 habita,
1086 2829 1153 2913 vel
1180 2822 1282 2913 bisce
1303 2829 1485 2942 pagellis,
1513 2829 1670 2914 ulterius
1689 2833 1813 2943 expli·

413 2969 517 3028 cate.
574 2939 616 3031 si
641 2971 737 3058 ergo
758 2945 837 3028 ulla
865 2943 1123 3030 heterodoxia
1152 2944 1224 3028 hae
1242 2947 1283 3054 in
1304 2971 1413 3059 parte
1437 2942 1631 3030 commissa
1652 2949 1732 3047 ess,
1754 2941 1812 3032 sa·

412 3088 467 3147 ne
496 3089 577 3146 non
599 3089 676 3176 ego
692 3056 816 3162 solus,
840 3053 907 3145 sed
928 3085 1014 3146 tota
1041 3055 1298 3148 Medicorum
1327 3068 1368 3146 dr
1393 3059 1643 3174 Phyficorutn
1668 3064 1812 3151 cohott

412 3178 786 3266 excommunicanda
824 3180 889 3263 est.
951 3177 1031 3265 Sed
1065 3180 1144 3263 hoc
1171 3177 1273 3264 male
1306 3178 1404 3264 mihi
1438 3182 1635 3293 cupientes
1667 3209 1808 3296 enpro-

410 3296 553 3396 brant,
584 3297 695 3410 quod
724 3296 912 3411 dixerint,
933 3322 1003 3408 per
1025 3300 1142 3381 oculor
1165 3294 1293 3411 qur'bur
1311 3295 1487 3407 JOBUS
1510 3298 1635 3384 Deum
1664 3308 1708 3382 vi
1721 3329 1811 3383 urus

412 3413 580 3526 astslob.
600 3410 722 3500 XlX.
762 3447 828 3524 27.
838 3427 857 3520 )
877 3443 960 3499 ιιοιι
986 3408 1134 3528 precise
1165 3444 1236 3501 eos
1264 3413 1540 3528 intelligendos
1570 3411 1673 3518 else,
1708 3444 1810 3533 quos

407 3555 504 3616 tunc
525 3535 564 3616 in
582 3528 795 3617 miserando
821 3527 890 3616 suo
912 3536 1009 3616 statu
1030 3533 1240 3633 habuerat,
1270 3525 1337 3616 sed
1359 3533 1517 3626 stmilesr
1551 3534 1648 3649 quid
1681 3529 1811 3647 quaeso

411 3649 477 3734 hic
506 3652 645 3763 impii?
678 3649 775 3764 quid
802 3649 1073 3734 heterodoxi?
1108 3679 1242 3734 annon
1275 3650 1509 3762 plausibilius
1544 3653 1633 3752 est,
1669 3647 1808 3738 Deum
1885 3691 1888 3698 ·

410 3765 559 3881 Jono
580 3768 819 3854 redditurum
842 3797 913 3852 eos
936 3763 1069 3854 saltem
1091 3770 1252 3867 oeulos,
1284 3796 1385 3881 quos
1409 3769 1545 3852 habuit
1565 3771 1604 3851 in
1625 3769 1721 3851 statu
1750 3764 1807 3852 sa·

407 3888 571 3971 nitatis?
596 3881 667 3972 An
695 3887 735 3968 hi
765 3915 845 3970 non
868 3915 977 4000 eque
1003 3880 1087 3978 sunt
1113 3885 1248 3997 Joul
1275 3890 1369 3967 oculi
1394 3913 1439 3968 ac
1469 3885 1549 3982 illi,
1579 3883 1807 3968 intolerabi-

410 4003 512 4091 libus
546 4005 774 4088 cruciatibus
812 4003 1093 4116 deplorandum
1128 4007 1169 4088 in
1204 4001 1368 4088 modum
1408 3999 1650 4102 deformati,
1686 4029 1806 4119 atque

406 4124 604 4206 continuis
632 4121 970 4207 lamentationibus
993 4147 1142 4208 tantum
1164 4150 1248 4206 non
1266 4123 1419 4232 penitus
1450 4121 1488 4206 in
1512 4121 1698 4234 lacrymas
1721 4121 1805 4205 col·

410 4241 576 4352 liquati?
606 4239 825 4324 notandum
854 4241 957 4322 enim
984 4243 1062 4339 est,
1098 4240 1242 4326 nullam
1270 4264 1419 4352 partem
1453 4239 1628 4350 corporis
1656 4235 1806 4347 dillipa·

407 4359 510 4442 tioni
533 4361 653 4472 magis
684 4355 758 4443 else
787 4357 1000 4440 obnoxiam
1030 4383 1147 4470 quarn
1178 4356 1341 4450 oculosa
1376 4361 1461 4443 'imo
1490 4351 1647 4444 Medici
1672 4349 1805 4438 obser·

405 4501 575 4574 vatunt,
596 4472 823 4592 quibusdam
845 4475 1067 4560 hominibus
1089 4475 1245 4586 pertusrs
1262 4477 1402 4560 runicis
1419 4499 1612 4562 tumorem
1634 4499 1805 4584 aqueum

405 4622 460 4680 ex
497 4597 616 4678 oculo
650 4620 782 4679 totum
814 4582 1030 4693 effluxisse,
1075 4594 1271 4709 aliumque
1298 4596 1341 4676 'in
1370 4593 1452 4700 ejus
1482 4593 1611 4676 locum
1641 4589 1752 4674 brevi
1782 4615 1806 4674 a

405 4736 544 4797 natura
573 4708 811 4799 substitutum
842 4709 983 4803 fuisset
1022 4715 1100 4820 jam
1129 4741 1250 4810 vero,
1282 4738 1370 4794 curn
1396 4711 1464 4796 isle
1490 4707 1629 4792 humor
1659 4735 1808 4822 aqueus
1894 4771 1901 4785 .

403 4855 525 4914 unam
548 4861 597 4914 ex
627 4832 899 4943 principalibus
926 4831 1130 4913 conllituar
1158 4830 1264 4913 oculi
1292 4851 1463 4938 partem,
1489 4827 1643 4913 interim
1675 4827 1806 4910 tamen

404 4972 640 5065 utrumque,
672 4944 893 5062 &elapsum
900 5008 917 5053 ,
944 4954 990 5040 dc
1006 4948 1256 5151 restitutum}
1275 4943 1381 5030 idem
1401 4943 1536 5056 oculus
1562 4973 1703 5064 capere
1723 4967 1805 5144 pfion

1221 5109 1227 5170 ῑ
1275 5091 1306 5179 Ρ
1365 5093 1392 5168 ³.
1667 5085 1722 5172 ΡΟ
1764 5083 1808 5156 ¹³2
