5500 6884
411 843 414 850 ’
547 805 660 904 ΕΤ
710 809 1471 917 PROJECTILIUM.
1647 849 1728 926 519

945 1031 1134 1126 VIII

750 1244 1292 1342 Conornlll

345 1405 485 1494 Hinc
510 1415 756 1498 multitudiues
795 1416 1069 1508 vibrationum,
1114 1420 1232 1500 eodem
1269 1440 1421 1528 tempore
1443 1421 1669 1526 paruum
1700 1442 1729 1494 a

296 1527 453 1612 luobus
486 1534 653 1623 pendulis
681 1534 889 1646 equalibus,
909 1537 954 1645 se
992 1533 1122 1618 habent
1150 1547 1189 1620 in
1212 1537 1404 1620 dimidiare
1431 1543 1568 1616 ratione
1595 1534 1726 1612 dacaru

296 1655 460 1731 uirium
479 1652 640 1758 pendula
667 1661 899 1761 agitantum.

992 1862 1170 1952 IX'

691 2109 698 2122 ·
799 2076 1251 2166 Senourum

369 2234 643 2354 Qtamqunm
667 2241 753 2336 hac,
772 2243 955 2358 pleraque
985 2241 1089 2356 apud
1118 2240 1501 2344 NEWTONUM,
1534 2252 1576 2329 δι
1614 2236 1734 2334 Har·-

296 2378 375 2444 ΦΕ
389 2357 580 2475 ΝΙ.,
620 2360 686 2444 vel
713 2364 790 2466 jam
821 2362 1076 2447 demonstrata
1116 2365 1369 2474 reperiantur,
1409 2361 1474 2446 vel
1514 2391 1594 2448 non
1626 2361 1726 2449 diffi-

303 2473 449 2557 culter
487 2504 535 2558 ex
566 2477 612 2560 iis
643 2475 907 2572 deducanrurr
940 2509 1029 2566 cum
1051 2501 1182 2565 tamen
1206 2481 1360 2565 illorum
1383 2477 1732 2565 demonstrationes
1823 2529 1828 2536 ·
1891 2465 1903 2486 ⁶

303 2589 508 2676 nonnihil
539 2593 799 2706 perplexiores
829 2599 1055 2697 videantur,
1087 2599 1221 2682 nostra
1250 2626 1347 2680 vero
1391 2597 1612 2709 vulgaribus
1642 2622 1728 2682 ran·

306 2735 405 2792 tum
418 2712 619 2822 principiis
638 2712 775 2797 innixae
788 2717 904 2800 etium
916 2717 964 2800 ab
976 2717 1048 2798 illis
1060 2714 1223 2827 intelligi
1246 2713 1405 2826 possint,
1420 2716 1487 2826 qui
1498 2710 1729 2825 profundio-

309 2853 357 2911 ra
390 2819 640 2911 Geomettiae
675 2857 756 2913 non
787 2857 1053 2943 penetrarunt;
1094 2858 1158 2915 eas
1182 2833 1245 2914 hic
1273 2830 1557 2913 communicare
1594 2831 1726 2920 volui3

312 2945 395 3027 hac
426 2935 634 3055 praesertim
664 2944 715 3028 de
750 2942 883 3045 eausa,
916 2977 966 3033 ne
992 2946 1147 3032 aliunde
1171 2971 1303 3058 perere
1334 2973 1433 3055 opus
1463 2945 1646 3030 haberem
1675 2942 1736 3028 ad·

315 3057 574 3144 stabiliendas
609 3057 953 3149 demonstrationes
981 3061 1290 3176 propofitionum
1307 3063 1467 3170 majoris
1494 3061 1726 3160 momenti,

318 3205 423 3292 quas
447 3175 545 3262 infra
565 3175 684 3262 dabo·
1417 3216 1421 3223 ¹

968 3327 1038 3418 Χ..

389 3559 551 3650 Interim
577 3585 763 3648 annotare
794 3559 857 3646 hic
888 3561 1098 3650 conveniet
1126 3561 1288 3648 modum
1315 3559 1523 3648 aestimandi
1558 3568 1598 3646 &
1629 3561 1740 3654 inter'

330 3681 369 3772 se
393 3678 642 3794 comparandi
671 3683 773 3764 vires
794 3682 990 3793 gravitatis
1019 3685 1059 3762 in
1091 3680 1244 3765 diversrs
1273 3669 1410 3763 Terrae
1435 3681 1533 3762 locis
1564 3674 1733 3763 diversa·

331 3831 417 3888 rum
437 3799 703 3898 latitudInum,
726 3825 794 3910 per
828 3797 1155 3909 comparationem
1185 3821 1324 3905 nempe
1348 3793 1601 3907 longitudinis
1631 3823 1731 3906 pen-

335 3919 515 4004 dulorum
550 3911 837 4000 isochronorum
857 3946 877 4006 ς·
915 3943 1082 4029 quorum
1114 3907 1403 3999 observationes
1435 3909 1564 3994 multis
1594 3912 1634 3994 in
1667 3913 1734 3995 Ῑο·

337 4037 391 4116 cis
416 4061 586 4118 accurate
607 4029 841 4118 instituendae
862 4035 1135 4130 monstrarent,
1161 4020 1359 4144 quousque
1369 4028 1604 4140 experientia
1621 4023 1728 4113 cons-

338 4153 436 4260 pie-et
451 4179 535 4231 cum
551 4151 755 4230 ratiocinio
774 4154 812 4230 dr
833 4153 963 4260 regula
981 4177 1004 4231 a
1025 4143 1201 4238 NEWT
1212 4169 1325 4236 0Νο
1345 4147 1484 4232 tradita
1501 4149 1540 4230 in
1555 4137 1643 4231 Lib.
1658 4136 1727 4232 ΠΙ.

341 4263 456 4376 Prop.
485 4298 549 4349 20.
584 4261 661 4347 Sed
688 4259 892 4346 Gallorum
918 4259 1250 4348 observationibus
1270 4277 1288 4364 [
1311 4294 1406 4378 quas
1431 4259 1559 4349 ouras
1580 4272 1737 4364 vocat]

342 4383 490 4470 videtur
519 4375 595 4492 ipse
621 4406 752 4490 parum
770 4375 910 4478 fidere,
936 4407 1007 4463 nec
1030 4381 1245 4469 immeritor
1268 4409 1347 4464 non
1370 4407 1450 4463 tam
1469 4379 1582 4494 quod
1604 4379 1654 4461 ab
1671 4380 1728 4491 ip-

347 4501 415 4586 srus
444 4523 625 4610 computo
659 4493 867 4594 abludrnt,
898 4523 1014 4608 quarn
1053 4497 1163 4608 quod
1204 4497 1272 4580 srbi
1307 4521 1444 4580 mutuo
1471 4496 1737 4582 contradicere

350 4617 568 4716 videantur,
603 4613 695 4697 dum
712 4615 751 4696 in
779 4605 914 4698 Terrae
944 4615 1188 4728 regionibus,
1213 4614 1262 4697 ab
1293 4637 1489 4726 arquatore
1512 4614 1731 4697 remotiori·

350 4737 444 4832 bus,
472 4736 658 4818 minorem
679 4728 858 4845 ali‘rgnant
880 4731 1051 4845 pendulo
1077 4732 1227 4848 fingulis
1243 4725 1416 4816 secundis
1435 4725 1619 4814 oscillanti
1642 4732 1733 4815 lon·

355 4852 553 4970 gitudinem
567 4879 682 4964 quam
693 4852 731 4934 in
742 4850 1103 4965 propinquioribusr
1126 4876 1242 4964 atque
1256 4850 1309 4934 ita
1322 4875 1482 4964 quoque
1500 4849 1623 4934 inillis
1642 4875 1740 4932 cor··

356 4999 444 5087 pora
458 4973 577 5058 miuus
595 4973 826 5086 grauitatem
845 4999 962 5085 quam
977 4971 1019 5058 ln
1039 4961 1163 5064 hiscen
1183 4962 1398 5084 quodsslane.
1415 4969 1471 5056 est
1492 4991 1627 5053 contra
1646 4988 1735 5046 om-

1639 5105 1730 5163 nem
