5500 6884
961 1063 1041 1141 ψ
1100 1032 1181 1126 tv.
1212 1031 1260 1122 t.
1289 1031 1492 1121 annon.
1524 1030 1607 1118 on
1632 987 1898 1118 namuro.
1931 1024 2261 1116 massonum

956 1211 979 1300 21
984 1205 1027 1310 s
1024 1211 1042 1304 (
1053 1209 1130 1318 dy²t
1157 1207 1209 1288 du
1220 1213 1238 1307 l
1258 1229 1362 1288 nunt
1386 1201 1493 1287 umba
1516 1231 1651 1290 curvo,
1669 1205 1834 1309 genitrix
1858 1196 1903 1290 ἀ
1913 1203 2071 1303 genitu,
2091 1196 2208 1304 stonul
2219 1198 2351 1303 simu

957 1322 1214 1432 rettfioabtlos:
1241 1319 1356 1404 Fullo
1384 1331 1477 1403 enim
1500 1326 1616 1416 retia,
1640 1333 1717 1430 'quo
1730 1317 1776 1421 se
1797 1312 1925 1395 hubent
1951 1315 2005 1394 ud
2027 1309 2205 1420 ulsciffltno
2233 1347 2348 1398 curve

958 1439 1046 1519 luto
1062 1471 1110 1534 x,
1132 1463 1176 1524 ut
1198 1437 1306 1521 culus
1325 1447 1507 1549 tangentis
1525 1440 1580 1518 ud
1596 1434 1722 1517 cubum
1738 1429 1990 1542 fiubtnngentis
2013 1437 2053 1510 in
2082 1435 2203 1512 eudem
2230 1460 2347 1518 curva

958 1556 1074 1646 datur
1100 1555 1292 1670 equabitur
1311 1557 1380 1638 buc
1401 1563 1497 1638 rolla
1520 1555 1735 1662 longitudini
1763 1579 1959 1633 curvarum
1977 1547 2093 1656 fimul
2104 1548 2345 1654 fiunturum:

958 1673 1003 1753 id
1018 1677 1085 1778 est,
1111 1677 1310 1784 euprefflono
1321 1677 1471 1756 litterali
1494 1669 1678 1768 anhlitu,
1694 1667 1740 1776 st
1763 1672 1970 1750 elementum
1997 1694 2112 1748 curva
2136 1668 2225 1746 duta
2242 1699 2346 1752 voce·

958 1813 1020 1870 tur
1037 1795 1069 1871 d
1070 1816 1108 1881 t,
1133 1794 1314 1902 longitudo
1333 1792 1484 1902 ejusdem
1504 1787 1571 1887 D,
1601 1787 1781 1896 longitudo
1792 1793 1920 1894 genita
1948 1780 2007 1880 G,
2026 1791 2095 1865 erit
2115 1781 2161 1864 D
2170 1790 2219 1870 -Ι-
2231 1784 2349 1868 G:

957 1908 1060 1988 xdt⁸:
1081 1912 1168 1992 dx’.
1227 1903 1441 1990 Notandum
1464 1907 1524 1987 hic
1549 1904 1589 2014 fi
1614 1901 1745 1987 Curva
1764 1902 1937 2012 propofitu
1957 1899 2080 2007 verstri
2100 1928 2207 1980 utem
2216 1903 2268 2011 stt
2285 1929 2345 1984 cu·

957 2049 1011 2102 va
1028 2023 1073 2116 ό·
1087 2026 1220 2136 [porfiro
1240 2029 1291 2107 dx
1308 2027 1531 2128 conflante],
1553 2052 1572 2130 3
1588 2023 1682 2135 xddy
1694 2021 1746 2128 stt
1761 2030 1877 2130 onop'uo
1888 2047 1998 2132 quum
2015 2019 2108 2130 duay
2121 2078 2135 2116 ,
2148 2041 2237 2101 tunc
2246 2017 2343 2132 dsffi·

956 2149 1074 2221 tentia
1093 2172 1290 2225 curvarunt
1313 2146 1410 2224 dioto
1428 2147 1522 2222 retia
1537 2161 1706 2251 uquutur.

950 2333 954 2339 .
1014 2252 1118 2344 Non
1147 2287 1246 2371 opus
1275 2261 1330 2344 est
1358 2256 1555 2354 indicare,
1586 2281 1665 2368 qua
1691 2255 1758 2337 via
1778 2313 1799 2352 ,.
1820 2279 1949 2365 quave
1977 2253 2118 2367 analyfi
2146 2254 2222 2339 huc
2261 2283 2345 2370 pet·

955 2375 1149 2468 venerimt
1182 2377 1348 2460 calculus
1369 2374 1473 2461 foret
1501 2374 1626 2456 nimiae
1655 2372 1903 2484 prolixitatis:
1936 2371 1963 2455 fi
1992 2396 2121 2458 tamen
2134 2370 2247 2454 alicui
2266 2373 2346 2456 ani·

955 2518 1040 2572 mus
1069 2493 1142 2574 etit
1167 2488 1289 2575 asserti
1318 2494 1522 2576 veritatem
1552 2490 1772 2602 explorate,
1802 2489 1946 2599 poterit
1974 2487 2017 2570 id
2045 2487 2347 2574 commodissime

955 2598 1172 2712 synthetico
1216 2637 1327 2692 more
1371 2611 1581 2718 praestaret
1625 2603 1920 2692 differentiando
1959 2598 2100 2688 scilicet
2130 2603 2348 2718 assignatam

955 2719 1055 2802 hanc
1078 2750 1127 2804 ex
1153 2724 1435 2808 construetione
1462 2728 1629 2820 tellam,
1662 2728 1702 2805 δι
1731 2720 1843 2834 quod
1859 2720 1990 2830 prodit
2007 2719 2244 2807 conferendo
2258 2751 2348 2808 cum

954 2862 1164 2952 aggregato
1192 2841 1375 2926 elementi
1404 2869 1528 2924 curvat
1557 2839 1750 2952 genitricis
1778 2843 1817 2918 δι
1839 2838 2022 2924 elementi
2044 2840 2203 2952 genitae:
2236 2867 2347 2953 tepe-

952 2953 1029 3037 riet
1048 2957 1153 3039 enim
1181 2957 1391 3071 utrobique
1422 2958 1692 3071 equalitatem.
1752 2949 1890 3053 Hinc,
1922 2953 1999 3040 five
2029 2982 2146 3038 curva
2174 2955 2347 3068 propofi-

953 3092 994 3152 ta
1023 3072 1238 3184 algebraica
1267 3073 1344 3173 fit,
1385 3072 1463 3159 five
1503 3067 1769 3158 transcendens
1802 3072 1915 3182 primi
1959 3069 2123 3185 gradus,
2164 3071 2190 3156 fi
2222 3072 2346 3158 modo

952 3188 1031 3296 df.-
1055 3193 1108 3270 lx
1132 3189 1177 3273 fit
1205 3186 1453 3290 summabile‚
1485 3217 1602 3274 curva
1630 3193 1760 3304 genita
1790 3182 2039 3299 tuncpsemper
2063 3189 2136 3271 erit
2158 3189 2344 3301 algebtas-

954 3328 1026 3384 ca:
1056 3304 1167 3387 datur
1195 3335 1363 3420 namque
1393 3307 1614 3418 algebrticae
1644 3309 1742 3392 ratio
1772 3309 1824 3386 du
1852 3303 1903 3387 ad
1943 3311 1999 3418 dy.
2059 3301 2170 3390 Hinc
2200 3310 2315 3391 etiam
2327 3365 2343 3406 ,

953 3418 1067 3528 quod
1092 3423 1333 3532 incognitum
1352 3425 1531 3506 hellenus
1560 3421 1653 3519 fuit,
1686 3429 1726 3505 ἃ
1757 3425 1856 3504 inter
1883 3448 1964 3504 rara
1994 3421 2106 3528 hujus
2136 3417 2256 3507 ficuli
2285 3426 2344 3508 in·

953 3556 1074 3616 venta
1102 3539 1290 3620 numerati
1319 3539 1483 3648 potest,
1523 3531 1690 3649 sequitur
1730 3566 1888 3622 omnem
1917 3533 2145 3622 Parabolam
2184 3535 2344 3650 cujusvis

952 3649 1117 3763 gradus,
1148 3675 1214 3735 aut
1268 3647 1399 3753 erse,
1430 3677 1495 3737 aut
1524 3681 1611 3736 cum
1642 3656 1717 3737 alia
1741 3656 1837 3738 alius
1866 3654 2004 3767 gradus
2034 3649 2223 3740 Parabola
2248 3683 2344 3742 con-

950 3769 1140 3878 junslam,
1172 3681 1347 3855 abssilnte
1376 3766 1449 3856 effe
1480 3768 1787 3856 testificabilem:
1819 3801 1887 3883 per
1914 3767 1983 3870 se,
2015 3770 2041 3854 fi
2063 3801 2260 3884 exponens
2276 3800 2343 3886 pa·

950 3884 1097 3968 rabolae
1128 3885 1523 4000 fit=(1÷2p):2p
1544 3899 1686 4000 [perp
1709 3889 1884 4001 intelligo
1911 3888 2125 4000 quemlibet
2144 3917 2342 3976 numerum

951 4002 1143 4114 integrum
1152 4016 1185 4100 ];
1207 4033 1296 4086 cum
1314 4008 1388 4087 alia
1412 4035 1508 4090 veto
1529 4007 1756 4118 generaliter
1780 4007 1820 4088 in
1838 4007 1946 4089 omni
1967 4000 2064 4089 casu.
2123 4000 2217 4090 Esto
2238 4009 2341 4092 enirn

952 4112 1051 4198 datae
1080 4120 1272 4228 parabolae
1301 4121 1440 4230 gradus
1469 4117 1534 4207 seu
1565 4150 1762 4234 exponens
1791 4153 1841 4204 n:
1882 4121 1975 4206 dic'o
2013 4149 2099 4209 eam
2142 4150 2228 4207 cum
2267 4126 2342 4208 alia

828 4248 834 4258 ‘
949 4233 1137 4348 parabola
1155 4239 1261 4341 cujus
1281 4237 1783 4349 exponens=(2n-1):
1799 4241 2004 4348 (μμ-α)
2022 4239 2179 4344 jundlim
2200 4241 2341 4324 admit-

949 4371 1033 4433 tere
1063 4349 1410 4444 resiificationemt
1439 4349 1709 4466 qualiscunque
1744 4357 1859 4440 etiam
1889 4355 1933 4440 fit
1964 4382 2229 4457 numeroso,
2263 4357 2342 4446 five

949 4462 1108 4566 statius,
1139 4465 1217 4551 five
1246 4469 1417 4580 integer,
1448 4469 1526 4554 five
1555 4465 1706 4569 surdus,
1737 4470 1815 4558 five
1845 4469 2060 4570 rationalis,
2081 4469 2158 4558 five
2179 4472 2340 4560 affirma·

951 4583 1079 4683 rivus,
1111 4583 1189 4669 five
1218 4589 1433 4700 negativus.
1493 4581 1615 4674 Unde
1645 4617 1716 4701 pto
1745 4583 1934 4674 Parabola
1962 4591 2159 4674 communi
2199 4591 2340 4676 Archi·

949 4701 1072 4782 onodou
1108 4705 1294 4814 reperitur
1323 4705 1506 4816 parabola
1545 4703 2024 4818 cubico-biquadtatica,
2060 4705 2102 4788 id
2139 4710 2193 4791 est
2232 4714 2340 4817 cujus

948 4843 1149 4924 exponens
1178 4821 1233 4902 est
1261 4828 1307 4927 ἦ,
1337 4817 1401 4907 seu
1432 4823 1500 4907 ubi
1529 4822 1755 4937 biquadrata
1784 4821 2056 4932 applicatarum
2085 4815 2169 4908 sunt
2200 4829 2239 4912 in
2271 4829 2338 4912 tri·

949 4931 1090 5043 plicata
1118 4935 1268 5019 tatione
1306 4933 1554 5024 abscissurum.
1614 4933 1734 5022 Hanc
1775 4965 1872 5022 veto
1910 4935 2256 5044 testificationem,
2297 4949 2338 5032 in

947 5072 1067 5166 quatu
1096 5047 1171 5138 alio
1199 5077 1360 5165 quoque
1389 5057 1453 5140 via
1481 5056 1696 5168 particulari
1722 5054 1881 5160 incidi,
1924 5057 2220 5172 quotiensnon
2249 5055 2338 5173 pos-

2259 5201 2338 5268 sse·
