5500 6884
461 857 464 860 ·
512 819 650 910 EJT
700 821 806 962 1³21!
833 811 1460 920 ol‘ECTILJUM
1652 861 1738 945 5332

260 980 477 1072 secantes
495 993 748 1104 parabolam
775 986 821 1075 O
839 985 880 1073 V
896 983 960 1099 Q
976 989 1015 1070 in
1041 985 1188 1098 pondis
1212 983 1291 1096 Q,
1327 979 1393 1083 V,
1423 1006 1480 1078 rr}
1515 1018 1564 1074 err
1592 991 1735 1103 quibus
1851 1004 1855 1012 “

261 1109 571 1216 applicentur
597 1111 780 1194 adorem
808 1103 926 1206 ΟΡ,
959 1105 1220 1190 horizontales
1241 1097 1362 1214 QP,
1388 1097 1518 1219 VT,
1545 1130 1614 1192 ut.
1673 1104 1737 1194 Ex

263 1215 472 1308 Coroll.
505 1222 598 1328 11,
629 1223 783 1314 T-heor.
816 1222 979 1338 praeced.
1008 1221 1245 1338 manifestum
1274 1223 1358 1322 est,
1393 1218 1531 1310 filli
1563 1223 1743 1338 defignet-

264 1341 616 1444 velocitatem,
647 1373 765 1457 quam
790 1369 934 1454 eorpus*
950 1339 1127 1426 habetin
1154 1333 1328 1452 supremo
1352 1343 1483 1426 circuli
1508 1347 1652 1454 pundo
1675 1337 1734 1445 L,

265 1459 409 1566 quod
440 1455 588 1550 RN
608 1461 820 1574 designabit
844 1459 1092 1544 velocitatem
1118 1459 1313 1570 corporis,
1333 1487 1420 1544 cum
1440 1457 1555 1545 fuerit
1575 1462 1615 1544 in
1637 1489 1742 1571 pune

274 1576 354 1653 fito
385 1571 456 1659 C.
533 1577 633 1664 Sed·
646 1582 736 1690 quia
758 1600 969 1690 parameter
991 1575 1181 1686 parabole
1207 1573 1253 1660 Ο
1273 1574 1398 1684 Qest
1418 1575 1535 1687 dupla
1558 1606 1733 1688 parame-

278 1688 340 1768 tri
384 1695 616 1802 parabola·
647 1691 768 1791 OE,
800 1696 924 1807 liquet
957 1687 1054 1777 OL
1081 1687 1154 1776 elle
1182 1689 1422 1792 =2OP,
1456 1694 1734 1806 &quamlibet

287 1806 429 1892 aliam
457 1808 516 1896 O
535 1811 582 1900 R
597 1856 667 1893 ..-.-
686 1844 706 1894 2
724 1805 826 1894 OT
845 1841 855 1899 3
888 1810 993 1894 unde
1016 1833 1177 1925 quoque
1203 1807 1357 1896 Rs:
1374 1803 1491 1902 2Tt.
1557 1805 1608 1894 Et
1631 1840 1732 1923 quo·

289 1921 418 2006 niam
444 1931 653 2014 velocitas
672 1921 753 2015 LE
780 1955 826 2010 ea
844 1929 918 2028 est',
950 1955 1034 2040 quae
1054 1928 1258 2035 requiritur
1274 1952 1316 2010 ut
1336 1929 1397 2012 vis
1415 1925 1624 2038 centniuga
1644 1957 1732 2015 con

328 2041 423 2122 oris
453 2043 508 2128 in·
537 2043 577 2132 L,
602 2046 755 2159 aqualis
784 2045 827 2125 fir
859 2047 944 2150 ejus
965 2041 1174 2154 gravitati,
1200 2044 1282 2124 ,erit
1309 2043 1373 2124 illa
1405 2045 1597 2126 velocitas'
1609 2105 1622 2141 ,
1656 2057 1733 2155 [ut

360 2179 406 2243 υ
421 2181 644 2250 GENIUS
676 2159 928 2256 monstravit]
958 2183 1064 2241 tanta
1080 2183 1222 2268 quanta
1245 2159 1673 2271 acquireremrsrgraue
1691 2163 1732 2242 in

299 2297 485 2374 vacuo,
525 2279 603 2362 hoc
621 2280 697 2375 est,
729 2281 767 2358 in
793 2277 924 2358 medio
949 2304 1029 2378 non
1052 2273 1266 2374 refistenre,
1293 2268 1541 2358 descenderet
1559 2304 1627 2386 per
1647 2278 1731 2362 alti-

304 2387 514 2476 tudinem
542 2395 727 2509 aqualem
748 2395 860 2478 radio
884 2391 1049 2475 dimidio
1072 2393 1202 2474 circuli
1232 2429 1240 2474 :
1274 2390 1455 2503 adeoque
1480 2387 1575 2474 ΡΟ
1593 2395 1665 2474 erit
1680 2394 1731 2475 ul-

306 2503 493 2610 titud'o,
529 2539 730 2626 perquam
755 2539 872 2624 grave
895 2538 993 2594 cum.
1010 2509 1204 2593 celeritate
1226 2511 1364 2618 initiali
1384 2505 1495 2606 Εἰ,
1521 2509 1587 2592 vel
1611 2505 1729 2614 QP,

282 2637 284 2682 ἰ
310 2619 357 2700 in
385 2653 529 2714 vacuo
554 2623 756 2714 ascendere.
778 2625 905 2740 potest
919 2688 932 2728 ,
964 2631 1004 2712 dc
1030 2623 1078 2708 src
1101 2625 1283 2738 qualrbet
1307 2625 1382 2742 alia
1408 2626 1596 2738 applicata
1624 2618 1733 2713 VT

316 2743 522 2849 exprimit
538 2747 811 2844 velocitatem,
843 2771 1008 2858 quacum
1057 2769 1173 2844 rave,
1206 2737 1341 2826 sursum
1365 2745 1579 2853 projedium
1600 2745 1639 2824 in
1664 2771 1730 2826 va·

283 2879 285 2895 ¹
317 2881 431 2956 ouo,
468 2865 675 2948 emetietur
697 2860 942 2945 altitudinem
962 2855 1006 2944 T
1071 2919 1081 2940 .
1142 2852 1265 2942 Hisce
1292 2857 1506 2970 praemissu,
1537 2861 1735 2968 concipio«

321 3000 416 3058 mus
442 3006 585 3092 corpus
609 2977 772 3092 aliquod
794 3005 911 3090 grave
930 3003 1018 3058 cum
1040 2974 1233 3058 celeritate
1264 2969 1390 3084 QP,
1420 2977 1460 3058 in
1488 2974 1620 3057 medio
1649 3003 1739 3060 nou>

283 3119 286 3168 z
321 3089 533 3180 relistente
548 3156 566 3194 ‚,
593 3089 729 3195 sursum
754 3095 902 3205 projici
916 3121 962 3176 ex
990 3083 1033 3187 1?
1047 3083 1174 3174 versus
1200 3088 1282 3190 O,
1310 3089 1493 3206 aliudque
1519 3087 1730 3202 pervenisse

325 3207 380 3290 ad
399 3204 477 3314 T,
509 3201 669 3325 quaudo
686 3200 908 3298 ulterumin
936 3207 1068 3291 medio
1090 3205 1279 3292 refistente
1302 3208 1552 3321 pervenitad
1577 3203 1648 3298 Cr
1678 3211 1739 3292 ita·

327 3349 446 3410 uteo
463 3352 667 3414 momento
691 3327 857 3412 habeant
877 3325 995 3432 ambo
1012 3351 1175 3436 corpora
1189 3327 1353 3438 aquales
1370 3326 1597 3410 velocitates
1614 3323 1729 3426 NR,

329 3445 369 3524 dc
394 3440 526 3546 VT,
547 3443 708 3558 paliurus
732 3445 976 3530 decrementa
996 3441 1177 3554 aqualia,
1202 3437 1729 3554 tempusculisinaequalibus,

331 3552 371 3639 se
397 3561 632 3646 habentibus
655 3559 697 3646 in
716 3564 864 3646 ratione
879 3553 1126 3670 spatiolorum
1141 3559 1485 3668 percurrendorum
1505 3553 1546 3639 C
1553 3590 1573 3637 c
1592 3565 1630 3638 &
1645 3551 1742 3642 Tr..-

334 3673 425 3783 Jam
449 3709 550 3764 vero
570 3681 696 3778 vires,
718 3677 859 3790 quibus
879 3676 960 3758 duo
983 3701 1146 3784 corpora
1160 3675 1318 3787 aqualia
1338 3679 1380 3754 δε
1401 3675 1652 3783 aquivelocia
1669 3702 1730 3756 re-

285 3817 288 3858 r
336 3797 558 3896 tardantur,
585 3790 668 3879 fiunt
690 3793 832 3881 directe
855 3815 898 3876 ut
921 3791 1167 3877 decrementa
1190 3791 1444 3874 velocitatum
1460 3788 1603 3872 eodem
1630 3813 1731 3872 tem·

284 3939 287 3958 ’
336 3909 497 4016 pusculo
520 3913 731 4026 promor,
764 3911 850 4012 vel,
875 3909 986 4022 quod
1004 3906 1108 3992 idem
1124 3907 1201 4006 est,
1219 3909 1415 4022 reciproce
1433 3929 1480 3987 ut
1496 3900 1747 4016 tempuscula
1770 3919 1774 3924 “

281 4059 288 4104 r
338 4026 603 4135 quibusliunt
628 4031 787 4140 aequulia
811 4028 1056 4112 decrementa
1080 4020 1333 4109 velocitotum
1357 4059 1367 4107 r
1398 4016 1475 4108 Vis
1493 4024 1625 4134 itaque
1646 4051 1738 4136 gra·

339 4138 492 4241 vitatis,
524 4172 601 4256 qua
621 4169 759 4252 corpus
775 4147 815 4224 in
831 4169 958 4227 vacuo
983 4137 1189 4225 ascendens
1206 4139 1419 4226 retardatur
1439 4143 1479 4224 in
1501 4131 1573 4238 T,
1604 4142 1657 4222 est
1680 4139 1732 4224 ad

280 4295 286 4346 ¹.
337 4258 422 4340 vim
446 4285 522 4372 qua
546 4261 706 4342 alterum
725 4255 866 4366 eorpus
890 4261 929 4340 in
949 4255 1082 4340 medio
1103 4255 1293 4343 resrstente
1312 4253 1548 4342 descendens
1560 4255 1731 4339 retarda-
1884 4347 1893 4364 .

282 4424 286 4464 ;
342 4395 400 4458 tur
426 4382 462 4460 in
485 4371 548 4475 C,
580 4371 742 4458 vicillun·
760 4397 803 4456 ut
822 4367 893 4455 Cc
924 4371 974 4456 ad
1004 4366 1091 4456 Tr.
1114 4475 1125 4486 ο
1152 4367 1254 4456 Haec
1281 4397 1410 4458 autern
1446 4375 1507 4456 vis
1543 4374 1731 4491 posterior

284 4535 287 4586 ;
345 4495 556 4581 allimanda
578 4494 632 4578 est
651 4519 719 4604 per
737 4487 950 4590 excelsum,
978 4517 1062 4604 quo
1074 4489 1431 4589 resistentiamedii',
1455 4491 1495 4573 in
1513 4495 1657 4601 pundo
1673 4483 1731 4592 C,
1775 4535 1782 4555 =

284 4695 285 4704 p
347 4603 488 4725 superat
508 4615 589 4696 vim
610 4610 886 4724 tangentialem
909 4609 1132 4720 gravitatis,
1161 4635 1277 4721 quam
1296 4637 1438 4712 nempe
1463 4632 1618 4692 exercet
1644 4633 1730 4722 gra·

285 4810 288 4824 ,
348 4731 441 4814 vitas
472 4725 677 4816 secundum
706 4753 932 4842 tangentem,
952 4721 1052 4823 CS,
1084 4731 1124 4808 δ’(
1152 4753 1259 4927 quae,
1284 4757 1352 4834 per
1377 4719 1532 4812 Theor.
1552 4719 1645 4825 l-V,
1679 4721 1745 4811 ad‘
1854 4725 1860 4738 ’
1958 4719 1970 4728 ’
2046 4830 2050 4840 ,

286 4901 287 4913 r
352 4843 457 4960 ipsam
486 4849 711 4961 gravitatem
737 4841 913 4932 sehabet
936 4840 1151 4931 utOGa
1201 4841 1314 4930 OC.
1375 4838 1496 4932 Unde
1517 4841 1543 4926 sr
1566 4847 1732 4956 gravius

354 5001 594 5116 varano,
630 5009 979 5116 urerentur,
1005 5010 1076 5104 era
1099 5009 1167 5100 o:
1196 4967 1727 5153 rc-gffgoecam

1115 5183 1228 5258 ΧΠ
1281 5199 1299 5268 3
1620 5198 1743 5260 εει.
