5500 6884
887 758 998 888 ἰο
1068 698 1236 875 ¹ret
1296 778 1397 869 nn
1450 773 2170 871 enrennurc'nurrn

936 947 1004 1041 air
1025 951 1276 1038 nihilominus
1296 951 1337 1035 in
1373 953 1520 1038 cellulis
1543 951 1701 1036 internis
1733 971 1912 1049 maneat,
1954 953 1994 1034 &
2020 945 2208 1064 proinde,
2252 947 2325 1036 du·

937 1094 1047 1157 rante
1069 1073 1347 1183 generatione,
1379 1075 1443 1154 air
1479 1063 1700 1156 intrinsecus
1732 1062 2010 1158 condensetur
2042 1068 2157 1181 quia,
2187 1063 2214 1150 sr
2239 1071 2326 1179 pori

937 1188 1141 1274 interiores
1160 1188 1349 1298 incipiunt
1369 1188 1587 1285 -coardlari,
1619 1191 1660 1270 δι
1681 1187 1745 1268 air
1770 1183 1925 1285 insitus,
1956 1185 2012 1268 ob
2053 1212 2171 1297 poros
2202 1208 2328 1269 extet·

939 1333 1014 1390 nos
1035 1309 1114 1413 jam
1134 1303 1250 1404 valde
1268 1305 1514 1416 angustatos,
1545 1302 1706 1414 amplius
1726 1302 1830 1386 exire
1849 1303 2009 1414 nequire
2049 1295 2193 1386 necesse
2234 1301 2288 1384 est
2313 1359 2328 1400 ,
2432 1355 2440 1368 ·

903 1457 906 1462 ·
940 1421 986 1507 ut
1011 1427 1052 1505 dc
1074 1424 1138 1503 air
1156 1414 1234 1531 ipse
1255 1421 1416 1505 interior
1439 1422 1479 1504 in
1500 1420 1624 1502 nrinus
1647 1412 1807 1526 spatium
1834 1441 2014 1532 coganu,
2059 1417 2228 1528 ideoque
2260 1444 2330 1502 ex·

941 1561 1055 1623 terno
1091 1534 1244 1619 densior
1294 1534 1457 1627 evadat3
1505 1563 1588 1618 non
1604 1531 1730 1633 secus,
1774 1558 1892 1648 atque
1929 1539 1992 1616 air
2027 1533 2203 1616 normalis
2243 1533 2329 1614 flui-

941 1652 1071 1737 ditatis
1103 1654 1144 1733 in
1168 1650 1293 1736 vefica
1314 1675 1540 1750 contentus,
1571 1650 1683 1764 ipsius
1705 1650 1836 1735 vesica
1862 1648 2157 1760 compressione,
2179 1647 2327 1732 fitden·

940 1767 1042 1868 sror,
1073 1760 1137 1851 seu
1159 1768 1210 1850 ad
1235 1769 1360 1850 minus
1384 1768 1571 1853 volumen
1598 1764 1794 1878 redigitur.
1864 1762 1976 1851 Hinc
2013 1767 2145 1877 itaque
2174 1766 2327 1848 conrin-

938 1886 1024 1998 git,
1054 1907 1099 1967 ut
1120 1884 1199 1966 haec
1225 1909 1410 1995 corpora,
1441 1911 1529 1966 cum
1549 1875 1683 1968 suntin
1703 1884 1798 1966 statu
1811 1875 2159 1995 suoperfesiionis,
2191 1881 2327 1963 etiam-

939 1992 1148 2085 lisumme
1183 1999 1277 2085 dura
1307 1998 1415 2102 smt,
1434 2059 1439 2066 ·
1459 2001 1709 2088 nihilominus
1749 2003 1877 2090 airem
1913 1993 2164 2111 compressum
2201 1997 2328 2082 conti·

940 2140 1072 2204 ocant.

1589 2344 1770 2438 XIV.

1003 2577 1183 2680 Verum,
1214 2604 1350 2693 preter
1371 2585 1439 2665 has
1460 2581 1651 2681 rationes,
1683 2578 1888 2695 suppetunt
1908 2581 2026 2668 etiam
2047 2576 2333 2694 experimenta3

945 2695 1087 2810 quibus
1107 2697 1308 2781 existentia
1326 2701 1423 2782 airis
1444 2701 1483 2780 in
1508 2699 1734 2809 corporibus
1751 2699 1906 2807 probari
1939 2697 2077 2808 potest.
2138 2694 2335 2784 Videmus

821 2858 824 2863 <
944 2811 1079 2912 enim,
1110 2811 1289 2926 sraqua,
1319 2814 1386 2896 vel
1412 2813 1506 2896 alius
1527 2814 1678 2924 liquor,
1709 2807 1817 2922 super
1841 2814 1929 2922 igne
1951 2836 2161 2924 coquatur,
2203 2812 2335 2898 bullu-

943 2927 999 3013 las
1022 2929 1200 3019 excitari;
1233 2927 1432 3012 manifesto
1459 2951 1562 3013 certe
1584 2930 1680 3012 airis
1703 2929 1800 3008 intra
1822 2928 1974 3008 latentis
1998 2925 2167 3026 indicio,
2198 2931 2266 3041 qui
2285 2957 2335 3014 o·

943 3066 995 3156 pe
1033 3047 1131 3156 ignis
1172 3044 1374 3143 dilatanti,
1415 3046 1624 3155 omniaque
1667 3043 1847 3138 vincula,
1887 3041 2028 3152 quibus
2060 3045 2332 3144 retinebatur,

943 3153 1083 3256 solvit,
1115 3169 1182 3261 dc,
1214 3161 1270 3245 ob
1291 3161 1513 3260 levitatem,
1545 3157 1595 3240 ad
1616 3153 1851 3267 superficiem
1874 3151 1993 3266 usque
2018 3154 2160 3256 semu,
2188 3161 2254 3242 ubi
2274 3183 2332 3242 ta·

944 3271 1002 3357 les
1021 3271 1190 3357 bullulas
1212 3273 1386 3356 format:
1419 3277 1509 3356 hinc
1532 3273 1600 3371 fit,
1633 3295 1676 3352 ut
1711 3266 1828 3381 pisces
1852 3271 1890 3352 in
1913 3297 2012 3382 aqua
2037 3299 2121 3382 quae
2151 3267 2265 3357 semel
2287 3301 2332 3355 e·

944 3386 1096 3486 bulliit,
1127 3391 1262 3470 vivete
1281 3413 1363 3468 non
1382 3386 1543 3495 possint,
1574 3385 1630 3468 ob
1650 3383 1840 3469 defenmn
1865 3413 2005 3498 nempe
2029 3387 2151 3487 aeris,
2197 3390 2263 3500 qui
2291 3390 2332 3472 in

945 3501 1177 3588 ebullitione
1215 3501 1343 3584 omnis
1386 3502 1601 3591 exhalavitr
1646 3507 1773 3586 adrem
1819 3503 1924 3586 enim
1961 3507 2001 3586 dc
2040 3498 2157 3614 pisces
2205 3503 2332 3588 hauri·-

945 3644 988 3703 re
1017 3646 1127 3730 atque
1146 3613 1293 3702 necesse
1306 3616 1383 3715 est,
1416 3643 1460 3700 ac
1497 3641 1631 3702 caetera
1657 3619 1854 3708 animalia3
1897 3623 1936 3700 in
1978 3617 2079 3700 hunc
2112 3618 2228 3703 finem
2253 3639 2331 3704 ‘eo-

947 3757 1032 3819 rum
1049 3733 1239 3818 branchia
1258 3733 1425 3818 condita
1448 3727 1555 3832 sunt,
1586 3759 1652 3834 ut,
1684 3734 1832 3817 illarum
1859 3762 1963 3846 ope,
1994 3739 2147 3834 airem,
2179 3737 2245 3848 qui
2281 3737 2334 3819 ad

945 3849 1066 3932 vitam
1090 3845 1366 3937 sustentandam
1388 3847 1609 3933 necessarius
1635 3851 1715 3948 est,
1754 3849 1805 3932 ab
1830 3876 1930 3960 aqua
1949 3843 2167 3952 secernant,
2199 3853 2253 3934 uti
2281 3849 2333 3936 de

945 3963 1019 4046 bac
1031 3994 1073 4049 re
1085 3971 1187 4050 rede
1212 3962 1320 4050 sensit
1334 3958 1404 4047 Cl.
1442 3959 1539 4049 Mn
1551 3985 1742 4071 JOWJU
1755 3991 1787 4050 s.
1848 3963 2030 4050 Similiter
2041 3967 2255 4079 liquoribus
2268 3971 2333 4052 ae·

946 4105 1029 4163 rem
1051 4078 1165 4164 ineffe
1185 4083 1447 4192 experimenta
1471 4076 1662 4190 Boyliana
1698 4079 1925 4166 confirmant
1948 4117 1958 4164 r
1988 4081 2141 4167 fienim
2171 4087 2211 4166 in
2243 4075 2333 4169 vase

946 4196 1158 4306 recipiente
1195 4199 1215 4307 (
1247 4195 1297 4280 src
1344 4196 1485 4307 apellat
1525 4191 1581 4283 R.
1632 4191 1875 4307 BOYLE)
1919 4199 2046 4310 liquor
2088 4200 2224 4312 aliquis
2271 4201 2330 4282 in·

947 4311 1149 4411 cludattu,
1180 4342 1230 4398 cx
1251 4339 1333 4424 quo
1364 4310 1534 4410 deinde,
1580 4341 1658 4424 ope
1688 4313 1813 4397 antliae
1849 4317 2121 4426 pneumatica,
2164 4319 2228 4397 air
2261 4339 2330 4398 en·

948 4427 1139 4518 tralraturr
1171 4429 1296 4511 statim
1312 4427 1532 4512 videbimus
1553 4429 1766 4514 innumeras
1784 4429 1946 4515 bullulas
1969 4437 2096 4516 aereas
2117 4429 2254 4542 (scuti
2290 4433 2332 4516 in

947 4563 1056 4656 aqua
1086 4544 1356 4651 ebullitione)
1393 4575 1442 4629 ex
1463 4545 1616 4658 liquore
1636 4573 1903 4662 prorumpere:
1936 4549 2137 4647 nimirum,
2168 4553 2331 4632 cuntai·

946 4655 999 4738 ris
1024 4661 1172 4744 externi
1220 4658 1328 4746 relsro
1352 4655 1494 4744 sublata
1516 4663 1592 4762 est,
1625 4663 1814 4774 particulae
1837 4669 1980 4762 aireae,
2011 4665 2052 4746 in
2074 4665 2227 4778 liquore
2240 4666 2331 4749 hinc

947 4767 1040 4854 inde
1063 4769 1142 4887 disp
1240 4839 1254 4877 ,
1287 4777 1342 4861 ob
1366 4775 1447 4860 vim
1467 4771 1569 4862 suam
1591 4781 1778 4862 elasticam
1805 4774 1842 4864 se
1871 4779 2111 4880 extendunt,
2142 4787 2210 4880 dt,
2241 4807 2329 4864 eum

945 4909 1062 4978 antea
1084 4887 1333 5008 inconspicua
1356 4890 1497 5005 essent,
1527 4923 1629 4980 nunc
1651 4897 1692 4982 in
1706 4895 1867 4984 bullulas
1880 4895 2050 4990 visibiles
2059 4879 2327 4995 mernescmt',

2258 5041 2331 5110 π’
