5500 6884
757 1284 877 1390 ΛΡ
917 1285 954 1386 Ῥ
993 1283 1033 1391 Ε
1073 1285 1130 1388 N
1168 1285 1219 1388 D
1260 1283 1284 1387 1
1321 1285 1387 1390 X.

376 1520 637 1750 Vixdum
658 1530 927 1630 Dmertationi
959 1541 1056 1630 huic
1079 1542 1344 1658 colophonem
1366 1532 1557 1656 imposui,
1588 1564 1678 1628 cum
1699 1541 1774 1630 mi·

380 1651 385 1754 l
519 1658 872 1772 hipraetipationis‚
897 1665 937 1744 δι
961 1653 1181 1747 secretionis
1200 1659 1471 1776 particularum
1495 1679 1693 1756 naturam,
1712 1659 1775 1744 ul-

374 1773 485 1860 timis
507 1776 664 1889 pagellis
688 1775 857 1862 breuiter
870 1777 1120 1890 explicatam,
1134 1773 1267 1863 sedulo
1289 1775 1599 1886 contemplanti,
1628 1801 1678 1859 ex
1699 1772 1774 1860 hu·

334 1897 337 1910 '
377 1893 444 2004 ius
466 1892 688 1992 occasione,
706 1892 873 1978 'metito
892 1887 968 1979 sese
989 1895 1133 1980 obtulit
1156 1894 1296 1980 modus
1314 1892 1585 1988 construendi,
1612 1917 1692 2004 ope
1705 1915 1774 1974 cu·
1885 1957 1889 1964 .

332 2024 337 2038 ·
378 1999 527 2113 jusdam
545 2009 705 2121 liquoris
724 2009 912 2095 continuo
935 2011 1112 2112 fluentis,
1134 2008 1382 2098 decantantm
1398 2007 1500 2096 illud
1524 2011 1565 2092 oe
1581 2005 1638 2090 ab
1658 2004 1775 2092 omni

376 2147 469 2210 aeuo
481 2121 735 2210 desideratum
746 2121 911 2212 Mobile
919 2123 1153 2240 Perpenrum
1165 2155 1260 2242 pure
1272 2125 1491 2217 artificiales
1508 2150 1627 2237 quem
1638 2125 1773 2235 proin·

382 2235 434 2324 fle
450 2239 543 2340 hic,
566 2243 762 2326 coronidis
787 2243 904 2344 loco,
940 2245 996 2328 ob
1023 2247 1188 2332 materiae
1214 2241 1438 2330 affinitatem
1450 2301 1465 2342 ,
1490 2234 1663 2324 Eruditls
1680 2265 1773 2327 exa·

374 2355 604 2464 minandum
627 2385 856 2472 proponam.
901 2355 1117 2447 Neminem
1142 2359 1318 2472 profecto
1353 2358 1471 2457 latet,
1532 2380 1620 2438 uam
1654 2349 1773 2443 avide

371 2473 458 2582 jaun
479 2499 503 2555 a
522 2475 644 2586 longo
666 2497 844 2588 tempore
863 2501 887 2562 a
908 2469 1187 2563 Celeberrimis
1212 2503 1373 2590 quoque
1396 2469 1506 2562 Viris
1586 2495 1675 2556 otus
1691 2472 1772 2558 iste

373 2581 592 2698 Perpetuus
614 2589 658 2674 sn
678 2590 877 2706 quaesruu,
908 2617 1027 2708 quam
1048 2593 1226 2679 ardemer
1254 2591 1507 2705 efflagitatus:
1539 2585 1637 2704 quid
1663 2588 1770 2674 enim

373 2709 462 2788 non
485 2706 777 2819 excogitarunt?
807 2730 908 2822 quot
939 2701 1109 2823 nmpzus
1139 2693 1224 2794 non
1252 2705 1559 2821 impenderunt?
1579 2695 1770 2820 quanns-
1804 2796 1808 2801 ,

372 2843 458 2934 que
481 2847 564 2904 non
584 2844 833 2912 exmuxerunt
854 2825 1077 2914 machinas?
1103 2819 1170 2916 sed
1194 2825 1328 2916 onnia
1345 2827 1389 2912 in
1410 2817 1577 2920 callum,

494 3040 613 3139 nolula
632 3042 777 3153 ysaac,
800 3042 867 3138 ul
889 3042 1136 3146 sinaxim,
1155 3046 1229 3138 noi
1240 3043 1356 3139 wirla
1369 3041 1415 3135 ri
1429 3042 1550 3146 ussit.

371 3255 512 3352 Vexat
533 3261 804 3350 etiamnum&
831 3287 992 3382 torquet
1016 3264 1207 3355 contiuuo
1226 3267 1372 3356 multos
1385 3290 1495 3354 coeca
1507 3257 1775 3378 Perpetuihna'

371 3381 436 3492 jus
470 3375 645 3474 Mobilis
679 3377 866 3494 cupido,
917 3409 1133 3470 eorumne
1167 3385 1322 3498 ingenia
1354 3383 1460 3470 adeo
1498 3381 1676 3482 incitat,
1725 3404 1775 3472 ut

179 3474 183 3499 ’
367 3497 531 3620 auribus
551 3491 765 3612 animisque
800 3491 1026 3585 Hominum
1046 3410 1298 3587 §eruditorum
1330 3494 1493 3586 absurda
1530 3496 1583 3584 de
1621 3498 1710 3584 hac
1727 3525 1774 3586 re

373 3615 495 3698 etiam
517 3613 677 3726 proferri
693 3613 923 3700 videmnus:
968 3641 1056 3730 quar
1073 3637 1209 3702 tamen
1222 3613 1343 3702 hodie
1364 3616 1542 3728 plerique
1555 3607 1646 3698 Viri
1662 3612 1769 3701 docti

371 3729 552 3870 rejiciunt
560 3763 577 3822 r
602 3731 830 3816 unianimiter
849 3727 1125 3838 asseuerarrtes,
1139 3723 1316 3870 'Morum
1326 3725 1587 3844 Perpetuum,
1611 3755 1685 3864 nec
1698 3727 1768 3813 da-

375 3873 547 4063 {ualli
564 3843 1197 4078 allisilssssmiiirllsie
1210 3839 1623 4075 §llllllllll
1649 3870 1769 4066 {is}
1845 4045 1850 4054 ,

406 4081 445 4164 ui
467 4080 546 4164 tale
567 4079 663 4194 quid
684 4077 722 4166 se
742 4081 918 4194 reperisse
939 4079 1218 4196 gloriarentur
1288 4108 1425 4166 uorum
1445 4079 1768 4165 tamentationes

410 4219 453 4280 ut
469 4195 619 4308 fatear)
637 4196 689 4282 ad
707 4225 772 4282 me
785 4196 1095 4288 convincendum
1109 4190 1234 4285 nons
1289 4197 1419 4288 ciuntr
1473 4196 1539 4278 uin
1559 4196 1689 4306 potius
1708 4187 1765 4278 as·

374 4341 497 4398 erere
520 4341 602 4401 non
623 4309 842 4400 erubescam
865 4307 1034 4401 Motum
1057 4309 1318 4432 Perpetuum,
1343 4320 1427 4398 noh
1444 4223 1572 4396 solum
1602 4312 1766 4397 inventu

375 4427 612 4542 pollibilem,
640 4425 705 4517 sed
731 4426 879 4544 prorsus
911 4431 1113 4517 inventum
1132 4433 1210 4540 jam
1232 4426 1331 4529 elle,
1381 4451 1426 4514 ut
1461 4426 1590 4541 quivis
1622 4422 1764 4511 fatebi-

377 4567 442 4629 tur
455 4585 481 4642 ,·
515 4549 554 4630 ui
577 4547 644 4632 has
667 4549 802 4662 legerit
818 4547 1000 4639 lineolasr
1036 4551 1078 4632 δι
1100 4547 1197 4662 quid
1222 4544 1356 4660 multis
1376 4571 1478 4658 opus
1498 4543 1594 4626 est?
1630 4567 1763 4632 annon
1888 4597 1893 4603 ·

373 4655 455 4774 ipsa
525 4665 668 4778 arura(
720 4693 776 4748 uae
798 4693 993 4778 nunquam
1011 4691 1092 4748 non
1111 4667 1218 4774 juxta
1236 4664 1342 4776 leges
1364 4659 1604 4762 mechmicas
1622 4685 1763 4772 opem·

369 4779 410 4864 ri
431 4775 569 4866 dicitur
587 4781 604 4889 )
625 4694 798 4894 polsrbile
821 4779 894 4868 else
910 4776 1076 4868 Mobile
1086 4773 1321 4894 Perpetuurn
1340 4775 1527 4867 indicat?
1553 4773 1651 4896 quid
1683 4778 1762 4886 (ut

350 4921 386 4950 ··
420 4891 736 5028 amemur
748 4887 1014 5014 operamne.
1045 4891 1173 4990 'rom
1198 4891 1236 4984 l.
1400 4986 1408 4996 ,
1472 4888 1504 4984 F
1676 4892 1759 4984 hut
