5500 6884
770 796 1499 899 BRACHYSTOCHRONAE.
1598 892 1645 907 „
1775 824 1854 911 189
1970 788 1977 825 '

462 971 572 1056 fimas
601 965 804 1169 vpnirates,
841 992 936 1081 quas
961 964 1038 1051 fine
1060 963 1137 1045 hoc
1165 969 1233 1051 vix
1260 989 1305 1049 ur
1334 962 1595 1080 assequanuu,
1625 960 1857 1069 aurumne-

462 1088 579 1173 bituri
678 1108 706 1168 t.
1045 1086 1069 1181 ’,
1337 1153 1342 1170 ,
1854 1157 1856 1165 ,

517 1198 674 1289 Merito
698 1196 859 1314 quidem
889 1202 1090 1301 miramur,
1122 1201 1233 1315 quod
1274 1196 1584 1291 HUGENIth
1621 1205 1765 1317 primus
1794 1209 1857 1299 in-,

462 1324 601 1420 venit,
634 1323 676 1403 in
723 1316 884 1432 Cycloide
919 1322 1068 1428 vulgari
1095 1346 1213 1431 grave
1244 1314 1370 1403 facere
1407 1316 1602 1407 descensus
1629 1324 1859 1409 taumchm,

463 1470 559 1538 nos,
590 1464 869 1549 aquocunque
898 1434 1073 1549 &coraus
1094 1439 1238 1547 puno‘to
1269 1438 1427 1547 incipiat
1454 1442 1634 1539 moveri:
1670 1435 1736 1524 sed
1771 1436 1855 1527 nes.

464 1560 553 1655 cio,
585 1584 634 1637 an
664 1581 744 1636 non
767 1548 1008 1663 obstupescas
1034 1554 1171 1664 plane,
1210 1581 1299 1637 cum
1322 1554 1481 1655 dixero,
1514 1558 1614 1641 hanc
1645 1556 1855 1669 ipfiffinam

467 1673 689 1787 siclam,
717 1665 781 1757 seu
815 1665 1104 1751 Taetocbrmaem
1131 1668 1414 1780 Hageniaenam,
1459 1669 1532 1757 esse
1560 1676 1726 1776 nostram
1756 1672 1855 1759 Bre-

462 1791 740 1902 chystochronem
768 1785 986 1898 quaesttam3
1012 1786 1062 1871 ad
1087 1790 1193 1894 cujus
1216 1789 1481 1900 cognitionem
1507 1790 1656 1877 duabus
1673 1794 1747 1875 viis
1768 1822 1853 1906 per·

461 1908 577 2006 veni,
597 1906 780 1989 indirecta
819 1903 964 2002 altera,
1004 1905 1123 1989 altem
1161 1904 1314 1990 direda.
1375 1901 1584 1991 insistendo
1613 1911 1753 2021 priori,
1780 1912 1861 1995 mi-

462 2054 558 2109 rum.
568 2016 789 2106 consensum
817 2020 948 2103 detexi
977 2022 1076 2105 inter
1110 2023 1337 2105 curvitatem
1358 2024 1455 2105 radii
1476 2026 1629 2109 luminis
1653 2028 1693 2107 in
1720 2027 1860 2120 medio

464 2142 655 2238 continue¹
668 2140 863 2236 variante,
896 2144 936 2221 &
957 2136 1125 2221 Cervam
1156 2140 1322 2222 nostram
1356 2138 1731 2253 bracbfflochrottaemr
1763 2147 1852 2230 asia-

462 2287 539 2372 que
577 2251 809 2353 observavi,
852 2256 892 2337 in
931 2254 1075 2367 quibus
1114 2248 1243 2337 nescio
1279 2254 1376 2368 quid
1407 2260 1533 2342 arcani
1559 2252 1709 2357 subest,
1744 2260 1856 2371 quod

461 2373 633 2489 proderit
659 2376 697 2455 in
724 2366 955 2482 Dioptricis.
989 2367 1266 2480 Qamobrem
1283 2400 1419 2457 vetum
1450 2376 1545 2474 erit,
1577 2376 1687 2487 quod
1709 2377 1748 2457 in
1761 2406 1857 2487 pro*

460 2490 652 2605 positione
685 2484 944 2572 problematis
975 2486 1228 2588 asserueram,
1255 2497 1385 2573 nonin
1401 2494 1501 2572 nuda
1509 2492 1770 2601 speculatione,
1783 2496 1858 2600 sed

402 2662 409 2672 ·
460 2619 501 2691 in
518 2610 602 2689 eliis
609 2608 803 2712 scientiis,
833 2606 874 2687 in
906 2598 1126 2715 Dioptricis
1158 2631 1275 2716 puta,
1310 2606 1412 2713 restem
1442 2606 1568 2691 babere
1593 2638 1703 2720 quam
1735 2620 1856 2697 maxia

460 2756 572 2808 mum.
605 2722 684 2810 Sed
705 2746 748 2805 ut
773 2750 859 2833 quae
894 2721 1059 2807 discimus
1087 2751 1129 2805 te
1166 2717 1245 2835 ipsa
1273 2722 1574 2825 confirmentur,
1603 2754 1653 2810 en
1688 2728 1858 2837 priorem

456 2838 632 2926 solvendi
657 2836 820 2921 modum
855 2844 867 2922 Ι
1854 2890 1858 2901 ·

517 2948 1106 3066 Frumenturiniipissola
1130 2954 1180 3037 ad
1201 2952 1282 3042 Dr
1305 2978 1376 3052 nn
1407 2954 1700 3045 Carnunti
1724 2953 1858 3067 (Vici.¹

458 3076 572 3188 Epss.
605 3067 1002 3158 CnnrtsttLat.
1034 3065 1160 3157 Tom.
1184 3067 1285 3171 111,
1316 3103 1354 3185 p.
1388 3081 1535 3183 1472&
1562 3073 1857 3161 Ftnmnrrt

458 3192 601 3305 Opera
621 3186 817 3275 Mathem.
843 3218 881 3300 p.
920 3206 1000 3291 156
1026 3183 1167 3387 seqcp.)
1193 3187 1399 3291 stabilivit,
1434 3190 1583 3275 radium
1616 3192 1767 3275 luminis
1804 3218 1856 3273 ex
1902 3242 1906 3253 ·

459 3311 592 3396 medio
615 3308 749 3393 rariori
771 3309 811 3388 in
838 3304 988 3389 densrus
1016 3328 1270 3403 traneuntem
1304 3309 1359 3392 ite
1385 3306 1540 3420 refringi
1573 3306 1624 3391 ad
1650 3305 1857 3423 perpendi-

458 3431 645 3526 cuiatem,
673 3448 742 3523 ut,
766 3424 898 3507 habita
922 3425 1071 3507 ratione
1088 3447 1169 3507 tem
1224 3424 1295 3523 ris,
1318 3424 1444 3507 radius
1467 3426 1605 3536 (quia
1634 3428 1777 3537 punsto
1798 3424 1854 3507 lu.

457 3550 625 3629 minante
637 3543 688 3625 ad
697 3545 880 3652 punctum
891 3540 1146 3647 illuminatum
1158 3450 1356 3630 scisceffive
1364 3540 1576 3654 procedere
1593 3537 1815 3655 supponitur
1837 3540 1857 3649 )
1894 3582 1914 3590 ·’

459 3664 562 3747 viam
574 3661 709 3745 faciam
719 3656 995 3743 brevissimam:
1021 3687 1069 3740 ex
1088 3685 1171 3769 quo
1184 3658 1374 3769 principio
1388 3658 1568 3757 ostendit,
1594 3659 1713 3741 finum
1726 3657 1857 3767 anguli

458 3778 673 3865 incidentiae
697 3770 770 3861 esse
784 3775 835 3857 ad
864 3774 984 3858 smum
1007 3775 1135 3885 anguli
1164 3772 1398 3857 refiauionis
1419 3777 1458 3857 in
1472 3774 1690 3859 mediorum
1705 3773 1858 3857 ratione

459 3896 548 3981 data
557 3895 699 3980 direua
713 3895 921 3990 raritatum,
933 3891 999 3975 vel
1017 3893 1213 4003 reciproca
1228 3889 1471 3982 denfitatum3
1485 3888 1526 3975 id
1535 3894 1588 3977 est
1597 3895 1636 3975 in
1650 3884 1860 4001 ipsaratio*
1908 3944 1909 3949 Ν

460 4042 508 4101 ne
524 4010 935 4122 velocitatum,quibus
947 4008 1075 4092 radius
1089 4008 1219 4092 media
1234 4032 1421 4119 penetrat.
1439 4004 1570 4119 Qud
1579 4008 1709 4121 postea
1723 4000 1859 4093 acutis.
1968 4032 1970 4037 ·

461 4132 570 4219 fimus
608 4124 953 4215 Lntnntrtus
982 4128 1023 4207 in
1052 4128 1143 4209 Aee.
1167 4124 1283 4209 Ενκᾰ.
1328 4140 1461 4226 1682,
1491 4156 1530 4238 p.
1563 4140 1638 4230 185
1673 4120 1780 4242 seqq.
1814 4130 1854 4209 ut

461 4277 553 4333 mox
580 4241 1060 4333 Celeb.HUcEN1us
1088 4245 1129 4325 in
1155 4236 1223 4325 suo
1247 4237 1435 4329 Trauatu
1454 4247 1497 4325 de
1518 4244 1696 4344 Lumine,
1724 4275 1853 4357 p.·4o,

460 4361 679 4451 succinctius
705 4362 1037 4458 demonstrarunt,
1061 4352 1261 4474 ipsumque
1283 4362 1513 4473 principium
1535 4361 1756 4475 physicum,
1790 4354 1858 4441 ves
2009 4469 2012 4477 ‚

460 4480 762 4593 metaphyficum
781 4480 952 4592 potius,
993 4476 1123 4591 quod¹
1149 4474 1493 4565 FERMATIUS
1520 4474 1595 4563 sua
1623 4477 1864 4567 demonstra-

462 4600 572 4684 tione
594 4598 832 4713 geometrica
857 4616 1090 4693 contentus,
1117 4598 1158 4676 &
1184 4595 1298 4680 facile
1321 4596 1433 4677 nimis
1462 4594 1616 4703 dejure
1645 4589 1713 4679 suo
1741 4593 1856 4699 dece-

462 4716 559 4801 dens
567 4713 592 4817 ,⁴
612 4712 1017 4803 CLERsELERIO
1050 4736 1244 4825 urgente,
1274 4707 1473 4797 deseruitse
1501 4712 1678 4813 videtur,
1706 4702 1862 4797 'validis-

461 4832 560 4920 sttnis
584 4832 817 4945 argumentis
836 4830 1109 4915 adstruxerunt.

518 4952 564 5045 Si
585 4979 689 5044 nunc
713 4949 975 5063 concipiamus
996 4947 1172 5153 mediupp
1195 4972 1276 5029 non
1310 4940 1555 5045 uniformiter
1585 4941 1766 5045 densum,
1794 4938 1866 5144 lsed

1199 5092 1225 5156 a
1254 5094 1306 5175 „3
1743 5088 1793 5145 ve
1809 5079 1863 5145 ut·
1905 5100 1907 5103 ·
