5500 6884
521 749 604 850 aa
631 749 1207 856 ramnomaarmua
1232 757 1559 854 carrarum.
1696 793 1784 876 447

387 960 454 1020 tur
475 929 589 1034 DL,
621 935 661 1020 in
701 965 817 1050 quam
859 959 991 1052 agatur
1062 937 1357 1054 erpendiculatis
1387 935 1494 1042 CE,
1526 943 1589 1034 cui
1627 941 1786 1054 aequalis

386 1048 634 1138 abscindatur
654 1049 768 1142 CM.
790 1055 978 1168 Jungatur
995 968 1084 1142 Eli
1103 1061 1144 1140 uc
1167 1056 1327 1142 ducatur
1346 1057 1665 1169 perpendicularis
1684 1054 1756 1144 CF
1771 1049 1813 1148 r‘
1881 1091 1884 1097 ·

384 1170 546 1284 hocque
562 1171 805 1260 continuetur
821 1171 1092 1266 ininfinitumr
1115 1178 1155 1258 &
1173 1171 1217 1256 fit
1234 1167 1320 1261 CR
1337 1175 1484 1261 illarum
1497 1174 1792 1288 perpendicula,

264 1331 265 1336 ι
386 1290 490 1374 rium
509 1289 654 1374 ultima.
673 1283 799 1390 Dico,
817 1315 946 1376 areton
965 1290 1094 1375 circuli
1113 1285 1205 1390 RS,
1224 1290 1335 1376 radio
1353 1286 1439 1378 CR
1456 1283 1710 1403 descriptum,
1727 1288 1788 1376 fos

265 1453 266 1458 ι
387 1431 434 1491 re
464 1407 648 1518 :equalem
672 1409 779 1490 reuae
809 1407 1010 1520 proposrtae
1039 1403 1139 1496 BG.
1170 1429 1173 1434 ’
1202 1405 1459 1521 Qramquam
1497 1411 1629 1520 postea
1674 1405 1788 1494 vide-

386 1525 463 1608 rIm
495 1526 631 1634 ponda
661 1517 719 1622 B,
750 1519 819 1624 D,
849 1519 905 1626 E,
938 1523 967 1611 F
997 1529 1073 1610 dcc.
1104 1519 1178 1610 elle
1212 1527 1252 1608 in
1284 1523 1545 1635 Qradratrice
1581 1521 1789 1611 Duros-

390 1659 609 1736 TRATI,
642 1639 752 1750 quod
783 1641 941 1755 quidem
970 1641 1082 1726 facile
1121 1641 1370 1726 demonstrari
1410 1645 1557 1756 potest,
1601 1641 1784 1755 adeoque
1965 1659 1971 1666 ’

269 1774 270 1778 ‘
388 1758 470 1840 hoc
500 1757 660 1841 nomine
690 1757 786 1872 nihil
815 1761 911 1842 novi
943 1787 1006 1844 me
1035 1756 1266 1868 praestitisse,¹
1293 1781 1482 1873 quatenus
1511 1757 1578 1842 diu
1606 1761 1684 1866 jam
1713 1786 1783 1842 co-

387 1877 540 1986 gnitum
568 1873 641 1973 est,
671 1873 984 1962 reuificationem
1002 1875 1130 1961 circuli
1161 1873 1383 1988 dependere
1412 1903 1436 1960 a
1464 1874 1787 1961 determinatione

387 1985 663 2076 intersectionis
694 1990 941 2102 quadratricis
971 1999 1012 2076 dt
1042 1995 1123 2098 ejus
1153 1993 1363 2076 diametri:
1409 1994 1449 2076 in
1476 2020 1527 2078 eo
1558 2015 1688 2078 tamen
1715 1991 1785 2074 ali-

390 2105 490 2220 quid
518 2107 700 2220 fingulate
736 2109 800 2190 hic
829 2107 968 2194 fadum
1006 2109 1082 2208 est,
1114 2106 1224 2218 quod
1256 2109 1318 2192 hic
1347 2113 1486 2219 ponda
1515 2111 1557 2190 in
1599 2105 1784 2216 Qradra-

272 2251 276 2296 ι
389 2227 487 2308 trice
516 2219 585 2326 D,
615 2219 676 2324 E,
703 2222 734 2310 F
762 2230 825 2308 &c
863 2227 918 2311 ob
953 2221 1376 2341 perpendicularitatem
1410 2218 1532 2326 CD,
1564 2219 1672 2322 CE,
1703 2217 1785 2306 CF
1955 2243 1960 2250 ·

271 2401 276 2416 .
390 2349 469 2426 διε.
501 2341 639 2426 certius
668 2339 939 2454 destgnentut,
967 2342 1148 2456 adeoque
1175 2345 1355 2454 pundlum
1379 2342 1557 2426 ultimum
1586 2337 1630 2428 R
1659 2339 1791 2422 multo

270 2487 272 2534 z
390 2459 601 2542 accuratius
626 2457 921 2562 determinetur,
953 2489 1070 2576 quarn
1103 2487 1172 2573 per
1206 2459 1370 2544 modum
1401 2461 1637 2571 vulgarem,
1703 2483 1785 2554 uo,

296 2609 299 2618 ·
391 2599 550 2686 propter
578 2569 763 2664 sectiones
792 2579 911 2692 magis
947 2573 1142 2692 magisque
1184 2577 1395 2690 obliquas,
1426 2580 1564 2687 punsta
1597 2576 1638 2658 in
1669 2484 1786 2680 Qua·

268 2758 274 2776 .
388 2690 555 2776 dratrice
584 2695 740 2778 tandem
769 2695 885 2780 valde
913 2697 1056 2780 incerta
1079 2690 1262 2779 evadunt.
1325 2687 1524 2779 Caeterum
1551 2686 1788 2799 veroquid-

268 2847 274 2859 ·
391 2809 558 2918 quidde
580 2839 631 2894 eo
651 2811 717 2910 lit,
736 2813 890 2924 elegans
909 2813 1004 2894 mihi
1024 2811 1176 2896 videtur
1206 2815 1245 2912 ἃ
1266 2811 1424 2894 minime
1443 2803 1789 2900 contemnendum,

392 2921 504 3036 quod
535 2927 613 3008 hoc
630 2926 681 3008 ab
707 2927 790 3008 aliis
820 2930 898 3035 jam
925 2925 1085 3039 quidem
1111 2929 1332 3024 inventum,
1351 2931 1393 3008 dc
1412 2951 1456 3008 ut
1482 2923 1666 3035 angulare
1689 2915 1787 3030 quid
1849 2939 1854 2945 ’

390 3041 659 3138 venditatum,
694 3039 799 3124 idem
829 3068 959 3127 tamen
985 3043 1119 3127 nostrae
1146 3042 1383 3126 inventionis
1408 3039 1559 3124 nonnili
1584 3037 1787 3122 mutianum

390 3180 540 3242 tantum
557 3157 612 3240 ,stt
634 3150 953 3244 Corollariolum.

887 3593 979 3694 ΝΟ.
1030 3591 1273 3696 LXXX.
1388 3689 1391 3694 ,

527 3817 1593 3991 -EXCERPTUM

452 4095 513 4184 Ex
543 4089 698 4212 Epssola
724 4089 999 4178 Bernoulliana
1027 4093 1116 4174 data
1144 4089 1284 4202 Bafilea
1326 4084 1553 4203 15.Aptil.
1601 4098 1725 4194 1709.'

270 4323 277 4416 ζ·
547 4325 761 4420 ULTUM
783 4325 935 4412 excolui
957 4327 998 4409 dc
1023 4326 1207 4440 promovi
1225 4327 1323 4410 hanc
1341 4324 1561 4416 materiam,
1586 4313 1664 4416 [de
1680 4309 1782 4399 Mo·
1798 4315 1965 4418 Msoelsse

271 4433 277 4532 J
396 4325 529 4539 M
552 4474 594 4532 tu
619 4443 817 4559 Reptorio
837 4449 877 4528 dc
904 4443 1165 4558 multigibbis,
1182 4454 1201 4545 ]
1217 4450 1267 4528 'dc
1290 4438 1512 4525 admiranda
1534 4431 1779 4520 Theorcma·
1796 4404 1884 4545 iffi
1901 4475 1955 4550 1.¹'
2119 4499 2123 4510 .

271 4551 277 4656 J
395 4588 436 4648 ta
457 4563 607 4649 detexi:
637 4565 777 4650 limites
803 4563 948 4677 quippe
965 4587 1037 4674 pro
1056 4555 1244 4672 Ellipticis
1269 4557 1480 4672 perimetris
1504 4552 1556 4636 ad
1583 4550 1781 4634 circulares
1798 4581 1862 4643 pag.
1877 4577 1948 4643 ιιι.
1980 4629 1983 4634 ,
2141 4609 2144 4613 J

272 4679 274 4688 ’
396 4681 623 4765 revocandis
661 4709 743 4766 non
770 4704 920 4764 tantum
956 4678 1118 4790 provexi
1145 4677 1334 4773 ulterius,
1365 4667 1573 4758 sedetiam
1605 4691 1781 4766 certam,

273 4849 275 4894 ;
398 4825 558 4911 eamque
592 4797 741 4884 facilem
778 4797 904 4911 legem
934 4791 1176 4907 provehendi
1206 4785 1406 4994 quousque
1434 4787 1625 4884 libuerit,
1661 4785 1779 4872 eruit

398 4913 604 5031 habeoque
625 4910 855 5000 Theorema
874 4914 1154 5030 geometricum
1183 4919 1308 5018 [mox
1345 4893 1783 5128 ubnettendumquppld
