5500 6884
1018 767 1099 950 ,oi
1288 818 1527 920 utrm.
1587 771 2181 916 orrrrurarr'o

1010 1025 1053 1082 es
1071 997 1186 1106 astaus
1215 1029 1228 1074 .·
1260 995 1373 1109 quod
1396 997 1627 1080 etiamtunc
1650 994 1774 1078 statim
1797 993 1876 1077 alio
1901 990 2010 1078 siriiili
2040 984 2262 1106 syllogismo
2291 983 2409 1080 sutili·¹

1011 1141 1137 1202 tatem
1164 1116 1300 1227 prioris
1329 1111 1614 1226 manifestabam
1644 1108 1918 1198 Auditoribus.
1980 1109 2060 1196 Sed
2090 1109 2200 1194 missis
2223 1107 2409 1220 ejusmodi

1016 1230 1244 1318 scholasticis
1264 1227 1496 1346 quisquiliis,
1522 1233 1680 1316 memini
1706 1257 1770 1313 me
1794 1226 1946 1328 dixisse,
1976 1228 2244 1314 orthodoxum
2273 1235 2314 1312 dc
2337 1231 2411 1314 har·

1012 1356 1179 1438 reticum
1206 1349 1349 1435 eodem
1379 1373 1604 1463 argumento
1635 1348 1691 1434 uti
1716 1343 1844 1461 posse,
1868 1348 1977 1431 illum
2005 1349 2130 1447 bene,
2159 1346 2261 1430 hunc
2289 1348 2410 1438 malet

1015 1472 1128 1557 illum
1155 1468 1206 1553 ad
1228 1471 1431 1552 veritatem
1456 1464 1748 1562 adstruendam,
1773 1465 1875 1550 hunc
1902 1463 1953 1548 ad
1979 1491 2149 1552 errorem
2176 1463 2408 1578 tegendumr

1010 1616 1085 1674 nie
1107 1589 1210 1673 enim
1231 1588 1340 1670 aliter
1360 1583 1456 1670 illud
1479 1609 1746 1696 argumentum
1768 1583 1959 1695 applicare
1984 1611 2103 1698 quam
2133 1579 2331 1666 §ocimi
2356 1579 2413 1665 fa·
2527 1559 2528 1610 i

1014 1708 1135 1791 ciant.
1172 1699 1289 1792 Nihil
1311 1706 1414 1788 enim
1438 1699 1544 1786 aliud
1565 1731 1633 1814 per
1657 1697 1754 1786 illud
1774 1699 2032 1786 demonstrare
2053 1699 2277 1798 contendo,
2296 1723 2414 1811 quam
2527 1787 2528 1812 ,

1012 1822 1131 1936 quod
1147 1848 1229 1906 non
1241 1822 1368 1906 omnis
1387 1815 1601 1918 substantia,
1623 1847 1709 1930 quae
1726 1847 1795 1930 per
1814 1843 1938 1902 totam
1957 1821 2078 1904 vitam
2098 1845 2237 1930 corpus
2256 1817 2414 1924 alicujus

1015 1940 1189 2025 boniinis
1208 1932 1449 2050 composuit,
1473 1935 1516 2018 sit
1539 1963 1626 2020 cum
1641 1937 1710 2020 illo
1729 1929 1993 2028 resurredlurat
2019 1938 2110 2050 quia
2138 1937 2318 2020 nimirum
2345 1933 2412 2016 ali-

1021 2083 1100 2171 qua
1119 2059 1200 2164 ejus
1227 2082 1333 2165 pars,
1357 2045 1539 2138 conversa
1561 2081 1630 2166 per
1649 2053 2022 2167 anthropophagiam
2046 2048 2341 2138 insubstantiam
2360 2051 2413 2137 al-

1016 2174 1137 2257 terius
1159 2171 1348 2270 hominis,
1371 2197 1461 2254 cum
1480 2191 1647 2284 utroque
1667 2198 1748 2256 tion
1770 2169 1881 2282 possit
1896 2165 2107 2285 resurgeret
2131 2169 2173 2254 id
2193 2165 2305 2284 quod
2324 2167 2413 2254 mihi

1020 2288 1126 2375 haud
1144 2288 1264 2374 dubie
1281 2285 1393 2373 facile
1415 2288 1604 2400 largieris,
1636 2285 1824 2402 siquidem
1853 2315 1991 2402 corpus
2011 2286 2174 2402 aliquod
2196 2289 2237 2370 iii
2260 2285 2413 2371 duobus

1019 2407 1118 2494 locis
1141 2405 1250 2492 simul
1272 2401 1345 2492 esse
1370 2402 1476 2548 posse
1506 2403 1582 2490 sirie
1610 2405 1805 2491 manifesta
1833 2404 2136 2491 contradictione
2165 2431 2282 2490 nemo
2315 2398 2411 2487 susti-

1020 2523 1150 2608 nebit:
1181 2519 1329 2635 possem
1349 2523 1412 2605 hic
1427 2522 1614 2636 allegare,
1637 2551 1687 2608 err
1704 2521 1938 2622 abundanti,
1963 2523 2153 2609 visibilem
2172 2519 2413 2606 transforma·

1017 2641 1173 2724 aionem
1192 2641 1312 2724 camis
1334 2641 1446 2722 unius
1465 2639 1632 2724 hominis
1655 2643 1695 2724 iu
1720 2667 1872 2726 carnem
1890 2641 2065 2742 alterius,
2086 2636 2413 2754 quemadmodum

1019 2784 1089 2843 me
1118 2751 1248 2870 legisse
1277 2757 1437 2840 memini
1464 2754 1514 2843 de
1546 2755 1719 2872 quodam
1749 2753 2111 2847 TALIlscoTo
2140 2752 2311 2844 Medico
2342 2748 2413 2840 Ira·

953 2877 958 2883 '
1019 2871 1093 2973 lo,
1124 2896 1238 2957 tanta
1260 2874 1407 2985 peritiae
1432 2897 1475 2957 ut
1499 2873 1672 2975 homini,
1705 2875 1767 2958 cui
1797 2871 1905 2960 nasus
1928 2900 2009 2962 erat
2030 2897 2270 2989 amputatus,
2300 2872 2414 2956 alium

1020 3011 1239 3101 apponeret
1267 2991 1435 3089 vivum,
1466 2989 1609 3078 affabre
1639 2985 1904 3079 exsedum'ex
1934 2995 2077 3079 lacerto
2107 2994 2261 3076 alterius
2291 2987 2411 3075 homi·

1018 3108 1108 3206 iiis,
1139 3107 1267 3219 pretio
1292 3104 1345 3189 ad
1375 3105 1556 3192 dolorem
1585 3115 1626 3194 de
1653 3111 1775 3193 carnis
1803 3104 1875 3194 suae
1904 3114 2084 3220 jacturam
2104 3107 2301 3194 serendam
2324 3135 2412 3190 con·

1020 3221 1143 3307 duni.
1194 3215 1302 3308 Hoc
1332 3221 1359 3306 si
1388 3251 1549 3325 verum,
1593 3249 1636 3310 ut
1671 3225 1846 3338 poshbile
1881 3229 1972 3327 est,
2004 3225 2184 3315 fateberis
2210 3249 2306 3338 puto
2340 3251 2411 3306 me·

1024 3365 1140 3438 cum,
1170 3335 1327 3423 frustum
1355 3339 1454 3448 illud
1483 3343 1603 3425 carnis
1632 3371 1682 3427 ex
1725 3371 1806 3427 uno
1849 3339 2038 3429 exsenium
2080 3351 2120 3428 δι
2162 3340 2266 3455 quasi
2305 3331 2411 3426 traus-

1021 3455 1261 3570 propriatum
1293 3456 1402 3540 alteri
1432 3456 1605 3556 homiui,
1632 3487 1828 3544 noricum
1856 3484 2025 3575 utroque
2053 3461 2214 3546 homine
2237 3453 2414 3543 resurrec-

1016 3598 1166 3658 turum.
1227 3566 1367 3656 Credo
1397 3571 1549 3657 interim
1580 3569 1709 3675 (salva
1738 3577 1780 3660 vi
1802 3578 1912 3684 hujus
1934 3578 2190 3690 argumenti)
2214 3600 2256 3658 ut
2279 3575 2320 3657 id
2341 3600 2415 3658 ma·
2504 3598 2507 3606 ’

1025 3685 1176 3799 jusculis
1199 3688 1334 3773 litteris
1355 3714 1553 3802 repetam,
1579 3686 1876 3784 ‘CORP‘US
1902 3691 2121 3804 QUOD
2151 3681 2415 3780 MECUM

1021 3801 1414 3905 RESURGET,
1445 3802 1606 3896 ERIT
1636 3807 1847 3902 MEUM
1879 3807 2176 3910 CORPU&
2208 3802 2413 3921 QUOD

1019 3918 1256 4015 HABUI
1284 3919 1362 4013 IN
1392 3919 1543 4010 HAC
1573 3923 1765 4014 VITA.
1812 3929 1929 4040 Qrid
1943 3931 2051 4042 plura
2068 3928 2283 4028 defideras,
2313 3921 2416 4010 visne

1026 4064 1070 4125 ut
1098 4036 1205 4154 supra
1231 4039 1463 4154 Scripturam
1488 4035 1662 4155 sapiam?
1703 4069 1744 4130 at
1773 4043 1800 4129 fi
1830 4071 1978 4130 tantum
2004 4046 2171 4132 didicisti
2200 4075 2250 4130 ex
2273 4042 2418 4157 Logica

1021 4179 1127 4256 tua,
1157 4181 1200 4241 ut
1230 4154 1321 4242 scias
1349 4159 1631 4272 propositiones
1670 4160 1897 4248 affirmantes
1936 4161 2163 4250 universales
2205 4162 2419 4274 simpliciter

954 4292 957 4299 “
1021 4275 1204 4361 converti
1226 4271 1464 4387 nonposse,
1496 4277 1561 4362 dic
1590 4307 1742 4365 mecum
1771 4281 1913 4368 exinde
1936 4312 2016 4366 non
2041 4277 2171 4395 sequi:
2200 4275 2304 4393 Ergo
2335 4309 2417 4364 om·

1019 4394 1085 4480 nis
1107 4394 1285 4498 materia,
1316 4420 1402 4506 quae
1430 4395 1471 4480 in
1501 4396 1572 4483 hac
1600 4399 1682 4483 vita
1705 4392 1907 4486 successive
1938 4429 2076 4513 corpus
2102 4425 2231 4483 meum
2255 4426 2418 4513 compo·

1020 4505 1127 4612 suit,
1157 4539 1314 4599 mecum
1341 4503 1532 4626 resurget;
1564 4509 1671 4628 supra
1705 4520 1810 4602 enim
1845 4517 1993 4604 ostendi
2023 4511 2294 4600 absurditatem
2327 4519 2417 4625 ejus.

1023 4620 1144 4733 Quid
1173 4627 1200 4712 fi
1229 4631 1305 4714 huc
1334 4629 1523 4717 traherem
1554 4635 1827 4720 nonnullorum
1870 4662 2045 4722 veterum
2083 4630 2281 4732 Parrum,
2323 4657 2419 4746 quot

1024 4739 1126 4823 inter
1151 4744 1263 4856 ipstue
1298 4739 1640 4839 AUvGusTIM
1663 4781 1695 4854 ,·
1717 4747 1940 4840 sententiam
1967 4813 1981 4852 ,
2022 4780 2160 4864 corpus
2199 4745 2420 4836 resurredlu·

1020 4883 1113 4940 rum
1132 4855 1219 4943 sme
1248 4862 1475 4954 humoribus
1505 4875 1560 4955 δικ
1574 4863 1795 4985 exsangue,
1827 4901 1914 4958 cum
1945 4895 2072 4957 tamen
2106 4864 2276 4982 sanguis,
2309 4893 2420 4952 cate-

1016 5000 1155 5090 ratque
1180 4999 1309 5091 putes
1336 4979 1496 5092 fluida,
1526 4987 1646 5108 longe
1680 4991 1851 5107 corporis
1880 4988 1951 5086 sint
1989 4985 2258 5104 essentialitates
2302 5011 2418 5190 qgam

2329 5155 2332 5165 ,
2362 5127 2421 5194 12ae
