5500 6884
984 786 1095 921 14⁴
1139 757 1265 862 N⁰.I.
1336 765 1449 855 DE
1499 749 2280 856 E-rruavuaeuur’rd

984 933 1144 1050 quidem
1167 932 1246 1025 sola
1269 935 1461 1021 horrenda
1482 937 1522 1017 rc
1546 929 1752 1018 monstrosa
1775 937 1933 1020 nomina
1952 929 2139 1048 quosdam
2153 921 2368 1024 absterruii-
2512 977 2513 982 Ν

983 1049 1049 1151 se,
1081 1076 1124 1136 ut
1140 1080 1190 1136 ex
1213 1048 1260 1135 iis
1271 1102 1286 1150 ,
1318 1067 1505 1164 tanquam¹
1522 1072 1570 1133 ex
1581 1079 1709 1163 ungue
1727 1053 1909 1150 leonem,
1939 1049 2100 1134 arduum
2124 1043 2377 1158 hujussciene'

983 1168 1046 1252 tiae
1067 1166 1216 1250 aditum
1237 1191 1367 1278 patere
1392 1165 1625 1250 crediderint
1648 1201 1658 1249 ε
1691 1165 1904 1278 optandum
1925 1169 2055 1279 itaque
2078 1164 2191 1265 esset,
2224 1191 2266 1252 ut
2281 1171 2367 1253 bara
2461 1215 2478 1240 r

983 1285 1083 1369 barre
1102 1283 1159 1365 lue
1180 1310 1300 1365 voces
1317 1282 1638 1380 eliminarentur,
1669 1283 1735 1364 vel
1756 1278 1888 1366 saltem
1904 1286 2004 1396 redte
2031 1281 2250 1368 definiretur
2270 1279 2367 1398 quid

983 1427 1053 1512 per
1075 1398 1157 1480 illas
1176 1396 1220 1480 srt
1238 1394 1554 1509 intelligendumr
1589 1391 1654 1495 δι,
1684 1424 1774 1480 eum
1794 1397 1928 1480 omnia
1947 1395 2086 1482 ordine
2104 1425 2332 1509 peragantur
2351 1459 2367 1500 ,

983 1537 1089 1596 nova
1107 1540 1266 1626 quoque
1292 1514 1476 1624 principia
1497 1511 1651 1622 phyfica
1669 1515 2003 1596 constituerenturr
2035 1541 2115 1624 quo
2139 1511 2264 1612 farto,
2294 1515 2370 1598 du-

982 1629 1091 1711 bium
1111 1642 1192 1711 non
1218 1623 1330 1726 esset,
1360 1629 1479 1740 longe
1498 1627 1733 1710 mirabiliora
1751 1655 1799 1710 ex
1823 1653 1962 1712 nature
1981 1629 2201 1712 inexhausto
2225 1632 2376 1741 mysted

985 1747 1130 1832 riorum
1145 1743 1255 1828 fonte
1277 1747 1358 1860 erui
1377 1740 1514 1854 posse„
1554 1737 1656 1826 Hoc
1678 1759 1829 1828 mecum
1857 1743 2119 1856 perpendens,
2150 1735 2250 1828 vires
2260 1772 2374 1832 meas

984 1861 1182 1972 experiar,
1209 1887 1343 1944 annon
1364 1865 1404 1942 δι
1424 1851 1581 1968 praesens
1602 1861 1803 1972 negotium
1822 1861 2049 1944 mechanicae
2068 1858 2217 1972 legibus
2239 1863 2369 1971 expli-

987 2002 1073 2062 care
1094 1973 1252 2087 polsrmr
1283 1974 1334 2058 ad
1356 2001 1472 2087 quam
1490 2001 1687 2073 normam,
1718 1975 1874 2057 alienun
1902 1979 2169 2088 operationum
2196 1961 2369 2088 Chymi-

984 2118 1115 2177 carum
1140 2085 1264 2174 causas
1284 2092 1535 2202 pervestigare
1560 2091 1655 2172 mihi
1675 2087 1827 2174 cliffic'ile
1847 2117 1929 2174 non
1954 2087 2057 2175 esset.
2087 2185 2103 2196 ι,
2117 2085 2266 2178 Nescio
2276 2095 2368 2204 qui-

964 2207 1076 2308 „dent
1086 2207 1182 2318 quid
1192 2206 1235 2288 srt
1248 2207 1384 2305 alcali,
1414 2199 1541 2288 nescio
1552 2205 1646 2316 quid
1657 2203 1700 2286 fit
1713 2205 1889 2302 acidum,
1920 2207 1986 2289 vel
1995 2207 2070 2288 alia
2080 2198 2367 2317 Chymicorunt

984 2324 1169 2428 nomina:
1190 2339 1298 2433 pono
1317 2323 1443 2432 primo
1466 2319 1561 2404 nihil
1579 2315 1768 2428 ejusmodi
1791 2321 1971 2419 existere,
2001 2315 2068 2406 sed
2086 2320 2269 2422 demum,
2289 2339 2367 2424 an,

724 2541 730 2552 .
988 2443 1029 2522 ἃ
1048 2437 1167 2550 quid,
1197 2439 1264 2521 ista
1290 2436 1359 2520 smt
1380 2437 1537 2536 omnia,
1567 2457 1617 2520 ex
1640 2435 1893 2548 posrtionibus
1916 2437 2171 2538 naturalibus,
2201 2443 2242 2524 δι
2260 2467 2368 2536 alut!

876 2580 883 2590 “
980 2580 1101 2668 quern
1118 2580 1200 2638 non
1216 2549 1327 2640 facile
1346 2551 1629 2652 concedendis,
1662 2550 1853 2642 deducere
1878 2552 2066 2640 conabor·

1589 2759 1700 2870 l'X,

1039 2985 1087 3097 ln
1103 2997 1210 3098 'hunc
1232 3007 1349 3100 fine'nt
1364 2991 1575 3128 postulabo
1605 2993 1827 3126 sequentia,
1856 3016 1941 3096 'tum
1962 3027 2029 3124 per
2051 3005 2088 3098 se
2119 3001 2203 3102 satis
2229 3031 2369 3121 nota,

985 3141 1069 3215 rum
1085 3128 1267 3241 deinceps
1282 3129 1612 3232 demonstranda:
1648 3130 1701 3212 1⁰.
1725 3124 1874 3212 Aerem
1899 3123 1972 3212 else
1996 3157 2132 3240 corpus
2150 3136 2263 3218 valde
2276 3137 2370 3220 fluia

985 3245 1079 3327 dum
1120 3251 1160 3328 &
1190 3249 1232 3329 vi
1267 3246 1417 3329 elastica
1462 3243 1674 3355 preditum.
1738 3239 1809 3328 θ.
1822 3237 1967 3328 Aerem
2004 3245 2275 3355 compressum,
2320 3254 2367 3330 dc

980 3355 1039 3463 'firi
1050 3360 1141 3466 juris
1162 3359 1324 3458 fadum,
1352 3387 1429 3470 qua
1448 3359 1537 3442 data
1556 3361 1669 3469 porta
1698 3385 1918 3470 erumpere,
1948 3351 2061 3472 seque
2083 3361 2255 3470 Inmajus
2277 3356 2369 3474 spa-

979 3475 1081 3558 tiun
1103 3471 1323 3560 extendere.
1381 3475 1444 3581 3⁰.
1463 3467 1611 3574 Aerem
1645 3468 1714 3558 sub
1747 3473 1775 3558 li
1805 3493 1899 3558 uore
1928 3476 2067 3588 quovis
2097 3500 2329 3562 contentum
2350 3501 2392 3580 ,·

978 3592 1261 3704 'nulloque‘alio
1274 3589 1473 3675 obstaculo
1488 3587 1742 3700 impeditum,
1772 3503 1839 3674 sub
1855 3589 1978 3675 forma
1993 3591 2106 3675 bullae
2127 3587 2263 3678 sursum
2273 3621 2371 3706 pre·
2512 3687 2513 3690 Ν

979 3710 1039 3813 mi
1067 3707 1117 3792 ad
1139 3702 1391 3791 summitatem
1410 3699 1532 3817 usque
1553 3705 1726 3817 liquoris.
1785 3703 1844 3813 4⁰.
1865 3699 1910 3790 In
1930 3708 2070 3820 quovis
2090 3737 2279 3820 corpore,
2325 3717 2370 3796 dt

983 3825 1024 3906 in
1049 3825 1222 3937 qualibet
1237 3825 1321 3929 'ejus
1347 3821 1553 3932 particula,
1596 3821 1785 3904 contineri
1810 3821 1958 3935 aliquid
1994 3825 2088 3906 a‘eris
2126 3831 2166 3927 δι
2198 3823 2371 3938 quidem

982 3937 1202 4048 oomprelsr'3
1233 3939 1310 4021 hoc
1329 3965 1465 4020 verum
1487 3931 1561 4020 esse
1583 3935 1680 4020 infra
1701 3935 1983 4024 demonstrabo.
2021 3927 2077 4043 5⁰ss
2088 3934 2258 4027 Motum
2278 3969 2376 4054 par·

975 4052 1180 4137 ticulatum
1203 4054 1500 4139 'concitatiorem
1520 4055 1684 4138 excitare
1717 4053 1897 4139 calorem.
1956 4044 2094 4140 Praeter
2129 4057 2196 4141 has
2225 4057 2375 4144 autent
2511 4041 2513 4096 ³

979 4162 1211 4280 hypotheses
1256 4167 1477 4283 generales,
1506 4162 1681 4281 suppono
1714 4175 1754 4254 dc
1779 4169 1859 4254 hac
1885 4164 2070 4282 specialia.
2127 4177 2189 4258 ·6⁰.
2223 4169 2376 4284 Quod

977 4281 1062 4369 duo
1074 4295 1265 4398 corpora,
1297 4301 1382 4398 quae
1390 4286 1557 4368 invic'ern
1568 4287 1776 4370 commixta
1798 4281 2118 4372 effervescentiam
2140 4285 2376 4397 producere

979 4398 1157 4502 deben't,
1188 4399 1327 4484 linter
1349 4401 1460 4486 certis
1482 4401 1673 4514 particulis
1699 4401 1749 4486 ab
1772 4403 1853 4484 aliis
1873 4399 1991 4514 figura
2013 4401 2191 4486 distineris
2208 4413 2372 4492 confla·-

797 4504 892 4653 {J‘
915 4502 940 4566 ¹·
978 4534 1042 4604 tar
1073 4508 1247 4631 ideoque
1261 4525 1318 4624 7⁰.
1333 4516 1642 4630 quodpertlculae
1658 4521 1767 4602 unius
1780 4515 2254 4628 corporissmttssetraidra,
2271 4551 2371 4636 quae
2508 4530 2513 4592 'f

823 4603 860 4665 ¹⁸⁸
875 4601 941 4646 Μ’
977 4655 1117 4741 nempe
1125 4636 1298 4718 constant
1306 4660 1355 4718 ex
1365 4653 1530 4744 quatuor
1539 4633 1732 4747 elangulis
1745 4627 2004 4745 isopleurisrlit
2021 4635 2097 4718 hoc
2108 4663 2370 4746 corpusvoco
2512 4699 2513 4728 2

975 4745 2369 4963 atmffit·1·]8⁰·Qodpatu‘culaealteriuscorporissmtexretrpr'e-
2502 4785 2513 4838 ·:

1698 4889 1712 4940 ὓ
2334 4897 2374 4958 rs
2500 4893 2511 4950 t
