5500 6884
672 766 788 862 nn
840 761 1465 866 nonnrrronn
1685 805 1772 894 ro

377 961 464 1031 tum
490 938 595 1026 abest
622 929 750 1020 sanam
781 937 972 1022 tationem
994 931 1101 1020 usum
1128 937 1272 1022 habere
1296 941 1444 1028 nullum
1474 937 1514 1026 in
1541 939 1777 1055 explicandis

378 1069 421 1147 δι
444 1054 685 1146 vindicandis
706 1053 886 1140 revelatis
906 1054 1134 1142 veritatibus
1157 1054 1312 1164 divinis.

1017 1283 1197 1376 XXII.

436 1522 495 1613 lta
525 1524 642 1612 etiam
670 1520 808 1610 eadem
847 1518 980 1606 divina
1018 1523 1250 1610 authoritate
1286 1519 1568 1636 persuasditmut
1607 1519 1688 1614 sum
1729 1505 1773 1610 de

376 1645 640 1752 {testimoium
663 1650 811 1730 carnis,
849 1641 931 1723 imo
960 1640 1067 1750 bajus
1096 1644 1243 1742 carnis,
1274 1671 1391 1758 quam
1420 1645 1599 1730 homines
1629 1649 1670 1730 in
1701 1645 1774 1730 hac

378 1765 462 1846 vita
490 1759 700 1872 aliquando
726 1757 977 1868 habuerunt3
1010 1757 1147 1856 (addo
1175 1761 1397 1872 aliquando,
1428 1789 1510 1846 non
1541 1765 1644 1848 enim
1674 1758 1769 1848 sem·
1916 1851 1921 1870 ¹
1985 1704 1990 1715 i

377 1906 449 1992 per
474 1875 639 1962 eandem
668 1876 840 1975 habent,
872 1898 916 1959 ut
945 1869 1155 1987 suprafatis
1173 1871 1360 1991 superque
1379 1877 1575 1988 ostendi)
1602 1887 1643 1962 δι
1656 1877 1771 1994 quid·

376 1997 420 2079 ni
448 1996 526 2078 hoc
555 1993 780 2090 crederem,
810 2019 898 2077 cum
926 1985 1042 2076 Deus
1070 1993 1114 2076 id
1142 1995 1411 2080 revelaverit?
1442 1996 1587 2079 nullam
1615 1997 1678 2080 hic
1710 1997 1770 2078 vi-

375 2113 460 2197 deo
490 2109 854 2200 contradidiionemt
886 2107 914 2192 fi
941 2111 1047 2194 enim
1075 2105 1191 2196 Deus
1220 2114 1352 2194 omnia
1381 2137 1544 2223 corpora
1570 2139 1619 2196 ex
1643 2114 1771 2197 nihilo

378 2231 509 2342 potuit
537 2255 691 2329 creare,
719 2252 870 2340 quanto
889 2229 1010 2338 magis
1038 2228 1116 2332 jam
1145 2251 1271 2312 creata
1290 2227 1439 2319 iterum,
1456 2230 1661 2341 colligere,
1698 2257 1770 2313 eo·

378 2374 541 2458 rumque
569 2364 696 2455 partes
720 2368 916 2456 utcunque
944 2337 1123 2456 dispersas
1150 2344 1260 2430 unire
1289 2348 1463 2457 poterit?
1523 2340 1586 2430 At
1614 2373 1710 2429 vero
1740 2343 1769 2430 li

378 2463 480 2547 male
509 2460 664 2546 feriatus
691 2456 877 2574 quispiam
905 2487 970 2544 me
998 2457 1155 2572 adigere
1180 2459 1301 2546 vellet
1330 2485 1373 2544 ut
1403 2461 1626 2562 crederem,
1657 2457 1769 2575 quod

376 2607 430 2664 ex
450 2574 514 2663 sua
544 2606 647 2690 penu
668 2577 815 2678 addit,
844 2605 987 2689 nempe
1009 2571 1170 2677 Deum,
1202 2579 1243 2662 in
1268 2578 1470 2662 communi
1489 2573 1770 2665 resurrectionis
1915 2634 1920 2644 ·

375 2694 467 2795 die,
492 2690 791 2781 refitscitantrum
812 2721 973 2779 omnem
1001 2694 1107 2778 illam
1134 2697 1333 2781 materiam
1361 2698 1506 2778 eandem
1521 2725 1691 2797 numero,
1717 2695 1769 2807 (a

375 2806 591 2919 cuiusmodi
624 2813 798 2896 terminis
839 2811 1011 2897 barbaris
1041 2809 1081 2897 S.
1124 2811 1316 2924 Scriptura
1349 2814 1496 2924 ubique
1540 2809 1768 2917 abhorret)

377 2955 465 3042 qua
490 2929 595 3013 olim·
608 2954 746 3041 corpus
765 2927 974 3013 humanum
996 2955 1065 3040 per
1085 2950 1211 3013 totam
1241 2928 1363 3012 vitam
1386 2923 1584 3013 succeffive
1602 2950 1767 3038 compo-

376 3043 524 3145 suerat,
551 3047 575 3156 ¹(
637 3072 698 3128 am
718 3039 832 3157 supra
855 3042 1007 3128 ostendi
1036 3037 1188 3130 Cololsr
1206 3047 1353 3129 molem
1383 3043 1696 3157 adaquaturam)
1725 3047 1768 3126 he

366 3185 509 3266 ¹tamen
538 3191 580 3246 re
596 3156 739 3246 uscitati
768 3162 941 3272 corporis
971 3162 1149 3244 staturam
1162 3156 1165 3161 ’
1178 3159 1262 3246 fore
1288 3159 1542 3251 ordinariamr
1576 3159 1643 3244 vel
1672 3187 1769 3244 con·

376 3303 459 3378 tra,
490 3277 519 3362 fi
545 3279 642 3363 mihi
666 3272 894 3391 persuadere
923 3301 1155 3376 conaretur,
1184 3278 1428 3362 embrionem
1456 3278 1523 3360 vix
1546 3271 1770 3388 spithamam

371 3419 593 3508 aequantem
624 3399 768 3503 &jam
795 3398 835 3478 in
874 3419 985 3480 utero
1014 3418 1189 3478 materno
1216 3417 1450 3492 mortuum,
1476 3387 1785 3476 resurrecturum-

378 3539 467 3596 cum
499 3541 662 3625 corpore
689 3511 799 3625 quod
831 3506 1001 3625 glorioso
1035 3513 1190 3622 corpori
1218 3506 1365 3595 Christi
1381 3599 1382 3603 p
1401 3509 1444 3592 srt
1473 3507 1698 3626 conferrme,
1716 3515 1773 3594 *dc

378 3651 508 3712 tamen
533 3631 571 3714 ei
597 3629 741 3712 nullam
770 3655 916 3713 novam
943 3624 1186 3711 substantiam
1210 3623 1461 3718 acceliuramr
1491 3629 1548 3711 illi
1574 3653 1771 3740 regerem,

378 3768 424 3827 ut
450 3747 595 3856 ineptas
631 3740 849 3850 hujusmodi
882 3744 1205 3829 contradictiones
1232 3744 1453 3855 propinaret
1483 3743 1607 3852 fungis
1637 3749 1676 3826 &
1708 3742 1773 3821 sti-

378 3862 545 3973 picibus,
576 3863 643 3944 vel
671 3861 768 3960 illis,
796 3863 864 3972 qui
896 3861 1053 3945 credere
1080 3857 1210 3945 affueti
1232 3855 1338 3956 sunt,
1368 3884 1495 3941 totum
1523 3884 1660 3966 corpus
1683 3847 1773 3938 nos«

380 3977 429 4060 tri
448 3975 670 4074 SalvatoriS,
694 4000 1087 4091 quantumquantum
1110 3979 1186 4076 est,
1210 3973 1487 4087 comprehendi
1509 3969 1614 4086 posse
1631 3974 1671 4056 in
1690 3970 1773 4060 exi-

379 4121 460 4206 guo
481 4095 613 4177 hostiae
642 4087 777 4203 spatio.
838 4090 883 4179 A
904 4096 1019 4177 nobis
1047 4093 1222 4207 profecto
1251 4094 1347 4178 ultra
1374 4091 1483 4204 quod
1510 4089 1622 4176 Sacra
1645 4089 1772 4201 Scrip-

378 4234 463 4294 tura
485 4207 720 4294 credendum
741 4211 867 4321 petit,
894 4213 999 4322 exigi
1021 4211 1115 4294 nihil
1130 4209 1288 4294 debet:
1320 4235 1360 4294 at
1381 4210 1491 4296 nullo
1521 4209 1562 4293 in
1595 4210 1687 4294 loco
1713 4207 1774 4288 di-

374 4329 466 4426 cit,
497 4323 635 4411 Deum
664 4354 822 4410 omnem
853 4321 1038 4436 praecise,
1071 4355 1145 4410 nec
1173 4329 1258 4437 plus
1295 4355 1368 4427 nec
1405 4329 1568 4424 minus,
1600 4318 1774 4434 corporis

360 4447 578 4530 materiam
604 4469 690 4554 qua·
714 4442 781 4554 ipsr
804 4441 926 4526 firerat
947 4438 1150 4526 clientialis
1174 4437 1495 4539 resuscitaturum
1525 4467 1614 4527 nam
1638 4439 1663 4522 sr
1696 4439 1773 4524 hoc

380 4561 550 4660 diceret,
578 4557 832 4646 lubentissime
861 4561 978 4642 etiam
1000 4558 1043 4641 id
1069 4560 1290 4658 crederem,
1321 4562 1413 4673 quia
1436 4556 1503 4668 ipst
1533 4586 1613 4640 non
1647 4555 1773 4642 minus

379 4678 553 4792 polibile
575 4675 673 4762 ellet
706 4676 962 4789 reproducete
995 4704 1185 4776 omnem,
1217 4705 1333 4789 quam
1369 4699 1543 4789 parterm
1586 4667 1650 4758 sed
1681 4697 1774 4762 tunc

381 4821 562 4908 negarem
598 4796 775 4880 homines
810 4789 1077 4880 resurreoiuror
1113 4796 1152 4876 in
1185 4785 1332 4906 vulgari
1365 4795 1515 4876 statura.
1575 4785 1635 4874 En
1674 4819 1772 4902 ergo

378 4913 446 4997 hic
484 4915 616 5023 paucis
657 4914 835 4996 finceram
872 4940 997 4994 meam
1042 4908 1313 4998 confessionem
1351 4911 1402 4999 de
1444 4901 1769 5000 Resurrectionet

431 5029 545 5134 Joan.
559 5027 739 5115 Remeato·
753 5025 1004 5150 Operaommia
1033 5023 1217 5120 Tomi.
1419 5021 1487 5143 l’p
1650 5045 1771 5138 quam
1810 5135 1812 5142 Ι
