5500 6884
1191 693 1194 698 =
1218 691 1222 700 s

1015 647 1095 836 sse
1216 641 1422 814 NQ'isC.
1453 718 1545 808 DE
1571 714 1776 814 MOTU
1796 712 2280 808 PENDULORUM

1009 892 1155 984 nudam
1180 915 1330 989 tanturn
1351 895 1393 976 bc
1410 889 1619 1006 simplicem
1635 889 1887 974 terminorum
1905 886 2285 976 differentiationem.
2327 887 2399 978 Sed

1010 1013 1220 1128 posterius,
1252 1037 1334 1124 quo
1347 1037 1515 1123 nempe,
1545 1036 1595 1092 ex
1612 1004 1703 1092 dota
1722 1009 1810 1127 lege
1829 1007 1998 1106 virium,
2029 1007 2236 1119 querenda
2250 1011 2306 1090 est
2316 1039 2398 1092 cur·

1010 1157 1086 1230 vs,
1117 1129 1234 1242 paulo
1258 1123 1465 1240 plusculum
1495 1125 1638 1210 laboris
1670 1127 1831 1239 requirit
1860 1124 1900 1206 in
1920 1119 2148 1237 quibusdam
2180 1129 2398 1238 exemplet

911 1333 914 1340 ,
1011 1249 1054 1387 in
1077 1239 1306 1361 quibusdum
1327 1245 1411 1328 aliis
1436 1270 1485 1330 ne
1508 1241 1667 1380 quidem
1687 1244 1726 1326 in
1745 1242 1936 1354 potestate
1944 1241 2080 1438 sadhuc
2105 1242 2160 1326 est
2173 1302 2186 1340 ‚
2199 1241 2400 1378 ‘conceffir

946 1509 950 1519 .
1008 1357 2228 1590 urrunnu

1011 1619 1132 1696 ratam
1155 1593 1432 1710 perfessionem
1453 1597 1599 1680 ereda.
1685 1613 1688 1618 ·
2156 1585 2170 1612 ⁰

1618 1759 1816 1856 LXV.

876 2073 878 2086 ,
1068 1979 1254 2086 Interim,
1284 1980 1397 2096 quod
1409 2010 1490 2068 non
1510 1983 1564 2068 est
1581 1978 1731 2069 srlentio
1743 1977 2075 2095 pretereundum,
2104 1975 2201 2096 sepe
2216 2009 2289 2094 per
2303 1981 2395 2066 bros

987 2099 1275 2200 methodum,
1306 2125 1349 2184 ut
1372 2098 1454 2214 fieri
1471 2096 1569 2186 solet
1586 2161 1613 2204 ,¹
1632 2101 1759 2213 piures
1777 2098 1915 2204 diversi
1935 2101 2092 2214 vgeneris
2121 2130 2251 2186 curvae
2276 2100 2395 2184 eidem

1011 2219 1171 2336 quaesrto
1197 2210 1438 2303 brisfaciunt.
1497 2215 1591 2316 Sic,
1632 2217 1800 2328 exempli
1825 2219 1967 2330 gratia,
1997 2216 2025 2300 sr
2050 2243 2240 2329 quaeratur
2264 2245 2393 2316 curru,

1012 2363 1133 2452 quam
1151 2336 1332 2434 mobile,
1363 2334 1405 2420 in
1426 2333 1560 2420 medio
1590 2362 1671 2443 non
1697 2331 1911 2434 refistcnte,
1935 2329 2139 2435 describit,
2161 2329 2395 2446 supposituri

1014 2454 1227 2566 centripeta
1247 2454 1289 2536 in
1314 2456 1464 2536 ratione
1486 2451 1683 2560 reciproca
1703 2450 1893 2536 cuborum
1908 2449 2199 2544 distantiarum't
2232 2455 2390 2564 cuique·

824 2581 830 2592 ’
872 2643 874 2648 .
1015 2569 1088 2654 sito
1109 2563 1239 2679 supro,
1260 2595 1348 2650 cum
1363 2561 1510 2653 Celeb.
1540 2564 1874 2666 ΝΕΨτοΝο,
1906 2567 2071 2651 diximus
2086 2562 2320 2680 respondere
2336 2563 2392 2678 spi

1012 2686 1134 2776 talem
1151 2685 1481 2799 sogarithmicarnr
1499 2708 1681 2798 preterea
1696 2686 1810 2768 aliam
1828 2686 1926 2768 alius
1946 2686 2097 2798 generis
2115 2681 2291 2796 spiralem
2309 2682 2391 2767 ists

1013 2800 1141 2890 secere
1166 2799 1313 2886 dudum
1342 2797 1582 2901 observavi,
1612 2829 1697 2913 quae
1721 2801 1820 2886 hanc
1849 2801 1968 2886 habet
1990 2828 2193 2899 naturam,
2227 2826 2273 2882 ut
2297 2803 2396 2883 dudo

831 3007 834 3013 ,
1013 2921 1116 3007 reda
1134 2947 1185 3004 ex
1197 2919 1384 3004 umbisico
1400 2918 1451 3002 ad
1464 2916 1632 3030 quodvis
1646 2919 1686 3024 in
1705 2945 1822 3002 curvo
1837 2923 2019 3032 puncium
2039 2918 2084 3002 srt
2100 2920 2304 3029 reciproce
2318 2947 2396 3030 pto

1014 3036 1250 3151 portionalis·
1263 3035 1430 3150 angulo,
1461 3061 1580 3149 quern
1597 3033 1734 3122 eadem
1762 3039 1863 3120 reda
1887 3064 1976 3120 cum
2000 3036 2073 3120 alio
2095 3034 2294 3146 positione
2320 3035 2396 3117 dtu

848 3135 990 3287 {2¹}pr
1017 3153 1249 3238 constituit:
1282 3155 1379 3254 vel,
1409 3151 1521 3267 quod
1548 3149 1693 3237 eodem
1718 3151 1890 3250 recidit,
1921 3152 1966 3237 fit
1998 3150 2045 3238 X
2069 3174 2246 3237 centrum
2280 3152 2398 3236 circuli

866 3306 930 3384 reg.
942 3305 971 3366 o.
991 3267 998 3283 ’
1017 3263 1061 3353 Α
1074 3265 1108 3352 Β
1123 3265 1173 3355 H
1193 3275 1233 3352 δι
1252 3267 1359 3352 srmul
1378 3269 1581 3370 umbilicus
1596 3263 1737 3380 spiralis
1760 3263 1862 3354 CD
1875 3264 1909 3354 E
1927 3329 1941 3368 ,
1971 3270 2043 3354 hac
2059 3271 2299 3382 proprietate
2315 3297 2397 3384 geu·

1020 3383 1171 3484 dentis,
1203 3405 1246 3466 ut
1266 3385 1317 3467 ad
1337 3388 1420 3491 ejus
1442 3384 1611 3496 quodvis
1633 3389 1816 3495 pundum
1838 3380 1879 3470 C
1900 3385 2013 3473 duua
2032 3393 2133 3472 reeta
2154 3382 2202 3472 X
2215 3381 2259 3470 C
2280 3381 2319 3474 se
2342 3387 2397 3470 he·

1019 3501 1115 3586 beat
1131 3499 1328 3611 reciproce
1349 3524 1393 3586 ut
1410 3527 1517 3584 arcus
1541 3497 1654 3600 AB,
1686 3502 1837 3587 initium
1860 3497 2008 3587 sumens
2030 3499 2212 3616 apundo
2235 3503 2399 3615 quodam

1020 3611 1113 3704 fixo'
1123 3611 1168 3704 A
1177 3649 1189 3710 ς
1222 3611 1306 3718 seu,
1332 3615 1360 3702 st
1383 3617 1529 3718 mavis,
1559 3643 1603 3704 ut
1625 3622 1886 3734 redangulunr
1905 3597 2003 3725 XC
2017 3638 2049 3694 ³<
2064 3616 2149 3706 AB
2174 3620 2218 3703 srt
2236 3619 2337 3707 dato
2360 3649 2399 3704 o

1020 3736 1159 3847 qualer
1191 3737 1247 3818 ita
1270 3757 1411 3819 utnon
1441 3735 1651 3847 incongrue
1677 3737 1757 3820 haec
1778 3731 1919 3849 spiralis
1941 3739 2073 3823 vocari
2092 3736 2202 3852 poffit
2227 3735 2401 3851 ΗΜ-

970 3911 973 3921 .
1018 3856 1125 3950 lica,
1154 3853 1220 3934 vel
1243 3853 1360 3936 etiarn
1381 3850 1626 3935 Archimedes
1643 3854 1814 3959 r'rrverfirr
1847 3878 2015 3966 utpote,
2040 3883 2125 3970 quae
2151 3883 2243 3939 curn
2267 3855 2400 3938 Archi

1022 3970 1144 4050 medea
1161 3969 1343 4050 warnaria
1367 3967 1446 4052 hoc
1471 3995 1677 4052 commune
1699 3969 1818 4054 habet
1830 4031 1845 4070 ,
1875 3971 1986 4084 quod
2015 3973 2241 4085 inutraque
2269 3971 2403 4055 distan-

1020 4087 1083 4170 tiae
1107 4087 1333 4198 pundorurn
1360 4084 1411 4167 ab
1442 4083 1629 4168 umbilico
1656 4083 1728 4168 srnt
1758 4089 2065 4198 proportionales
2093 4089 2402 4174 circulationibus

1020 4202 1203 4308 emensis,
1233 4205 1275 4290 in
1298 4199 1542 4288 Archimedes
1573 4203 1722 4320 vulgari
1741 4207 1893 4307 direeie,
1923 4207 1965 4292 iu
1986 4209 2114 4294 nostra
2134 4235 2232 4295 vero
2252 4203 2404 4314 r'vsvrrse.

1469 4380 1480 4423 '
1595 4411 1630 4504 s
1657 4409 1773 4506 xv
1793 4414 1866 4506 ιτ
1926 4457 1930 4467 -

1078 4623 1141 4718 Ut
1160 4630 1291 4747 itaque
1307 4631 1390 4716 haec
1406 4585 1533 4719 nosba
1557 4626 1698 4748 spiralis
1721 4635 1971 4748 hyperbolica
1985 4627 2127 4724 CDE
2149 4647 2266 4750 [quae
2283 4636 2406 4756 asyrn·

961 4746 969 4762 '
1018 4766 1136 4834 toton
1166 4750 1284 4835 habet
1310 4745 1416 4838 LM
1436 4754 1653 4865 parallelum
1675 4759 1784 4840 resiae
1814 4749 1950 4857 ΧΑ,
1981 4763 2020 4842 ἃ
2049 4756 2100 4840 ab
2128 4783 2175 4841 ea
2200 4753 2406 4844 distantem

1017 4865 1223 5016 bitervado
1246 4869 1385 4984 aequdi
1411 4873 1517 4964 arcui
1544 4867 1663 4978 AF,
1689 4873 1755 4968 vei
1779 4875 1996 4996 cricunque
2016 4874 2084 4964 dii
2104 4875 2208 4963 arcui
2233 4902 2404 5012 concen-

2306 5019 2402 5082 tneo
