5500 6884
1003 852 1084 923 '122
1139 827 1219 923 ΝΟ.
1261 823 1400 917 ΧΙΧ.
1433 816 1944 913 CONSTRUCTIO
1981 822 2219 967 CURVAE
2246 836 2321 915 dcc.

1000 1000 1169 1087 recedet.
1230 994 1497 1083 Demonstrat'
1528 1020 1618 1077 nem
1640 988 1929 1104 Syntheticam,
1956 1018 2074 1103 quam
2100 997 2226 1107 quiris
2250 1027 2299 1081 ex
2331 994 2391 1083 A.

974 1116 1118 1231 ·nalyli
1145 1110 1323 1231 premilla
1349 1114 1473 1194 statim
1484 1022 1703 1195 Montexere
1725 1110 1892 1220 poterit,
1919 1111 2144 1197 onuninus.
2204 1108 2391 1205 Primrioe

1000 1239 1116 1339 etiam
1145 1235 1397 1345 proprietates
1421 1228 1510 1311 hinc
1535 1224 1646 1315 facile
1671 1224 1938 1325 deducuntur,
1969 1252 2064 1338 quas
2093 1226 2286 1319 recensere
2311 1236 2390 1315 ani·

1000 1378 1084 1437 mus
1110 1379 1190 1434 non
1220 1352 1295 1441 est,
1327 1346 1368 1431 id
1397 1347 1552 1431 unicum
1578 1339 1763 1445 monuiffe
1790 1338 1969 1442 sufficiat,
1995 1372 2077 1433 non
2106 1347 2307 1447 laminam,
2326 1344 2390 1442 sed
2470 1358 2474 1365 '

997 1470 1136 1555 tubum
1162 1462 1369 1553 secundum
1377 1463 1539 1661 pineam
1570 1454 1711 1549 ABC
1737 1462 1978 1543 incurvatum
2000 1461 2264 1550 adhibendum
2292 1463 2386 1558 ellet

997 1615 1087 1673 nam
1115 1584 1297 1699 globulus
1324 1580 1374 1665 de
1390 1579 1595 1666 cendendo
1624 1605 1705 1663 non
1731 1578 1879 1691 ubique
1899 1575 2030 1664 insistit
2048 1583 2285 1666 convexitati
2306 1611 2385 1677 cur·

996 1731 1070 1787 var.
1132 1698 1356 1797 Caeterum,
1389 1696 1564 1783 distantia
1592 1696 1722 1808 puncti
1752 1688 1827 1792 C,
1857 1696 2010 1805 inquo
2040 1723 2156 1779 curva
2179 1693 2302 1785 Temet
2331 1702 2384 1811 ip.

994 1816 1071 1907 sam
1101 1814 1233 1919 secat,
1266 1844 1289 1899 a
1318 1815 1463 1898 vertice
1492 1808 1570 1913 A,
1601 1812 1831 1925 plusquam
1861 1808 1983 1921 duplo
2013 1816 2136 1921 major
2167 1816 2221 1904 est
2248 1811 2383 1909 ΑΗς

994 1933 1100 2021 secus
1131 1962 1247 2047 quam
1278 1936 1316 2015 in
1345 1928 1550 2017 Schemate
1578 1956 1728 2040 nupero
1756 1921 2052 2040 repraesentatur.
2112 1926 2248 2015 Curva
2276 1928 2384 2023 AM

995 2048 1155 2145 ONA
1184 2052 1238 2137 est
1268 2072 1434 2163 quatuor
1460 2044 1764 2135 dimensionum,
1797 2072 1882 2158 qua
1911 2044 2029 2129 etiam
2057 2038 2175 2132 semet
2192 2043 2307 2159 ipfim
2329 2045 2381 2137 le,

993 2172 1117 2255 carin
1147 2164 1214 2267 A,
1246 2172 1287 2251 ἃ
1315 2192 1402 2279 quae
1426 2167 1648 2249 continuata
1672 2161 1853 2275 producit
1874 2184 2021 2273 partem
2044 2160 2264 2259 inferiorem
2284 2165 2382 2256 fimi.

991 2289 1071 2378 lem
1097 2293 1137 2371 δι
1161 2284 1348 2400 aequalem
1375 2275 1558 2395 superiori
1578 2278 1763 2381 ,latiens
1789 2305 1837 2361 an
1891 2277 1970 2361 lum
2001 2271 2198 2381 MAN,
2226 2276 2381 2398 ejusque

992 2403 1237 2606 oppogrturn,
1268 2404 1426 2599 “iiim
1486 2392 1711 2599 Pssripherii
1722 2304 1890 2599 (131qu
1901 2392 2031 2483 transit
2058 2425 2127 2514 per
2155 2401 2236 2511 ejus
2260 2429 2380 2518 punc.

990 2546 1074 2609 tum
1137 2581 1151 2620 ‚
1181 2540 1310 2605 remor
1350 2542 1518 2598 rmuma
1567 2542 1639 2598 axe
1773 2575 1784 2597 .

1049 2632 1290 2748 Opportune
1317 2633 1380 2715 hic
1414 2632 1550 2715 incidit
1585 2630 1725 2714 modus
1761 2627 2005 2715 construendi
2038 2624 2214 2717 Curram
2244 2630 2378 2721 Elasti.

989 2779 1109 2851 carn,
1150 2752 1218 2865 qui
1252 2749 1369 2833 etiam
1405 2743 1600 2861 petiolas
1629 2743 1920 2835 redificationes
1957 2743 2102 2832 Curvae
2130 2746 2297 2839 AMO
2338 2762 2378 2841 δι

986 2866 1177 2982 Ellipticae
1212 2858 1405 2977 cujusdam
1431 2866 1649 2979 peragitur,
1679 2865 1912 2976 &proinde
1939 2866 1980 2949 in
2006 2866 2122 2977 praxi,
2140 2868 2258 2981 longe
2286 2868 2377 2957 faciq

965 3012 967 3023 ·
985 2988 1060 3073 lior
1084 3012 1200 3099 quam
1219 2986 1249 3069 is
1276 2982 1343 3095 qui
1366 2981 1614 3095 quadraturas
1636 2974 1842 3096 spatiorum
1864 2975 2055 3095 supponit.
2113 2981 2376 3091 Semiaxibus,

984 3100 1112 3205 AO,
1144 3100 1320 3187 &radio
1346 3100 1477 3182 circuli
1506 3094 1590 3185 AF
1622 3097 1928 3214 perpendiculari
1956 3099 2007 3183 ad
2030 3094 2157 3201 AO,
2185 3104 2374 3189 constnra·

984 3244 1046 3311 tur
1072 3219 1261 3335 quadrans
1289 3217 1479 3329 ellipticus
1510 3212 1675 3317 FTO,
1708 3223 1749 3301 δι
1777 3214 1889 3300 duda
1912 3219 2047 3331 quavis
2071 3220 2112 3309 in
2133 3246 2185 3305 eo
2207 3222 2374 3333 applica.

886 3402 890 3407 '
982 3412 1022 3511 ta
1047 3382 1177 3501 TQ‚
1208 3383 1373 3471 sumatur
1397 3378 1494 3472 AR
1510 3410 1599 3485 :2
1616 3340 1749 3519 ἦῆ]
1760 3378 1869 3479 (XF‘
1883 3382 2053 3491 ,ulcio
2086 3386 2372 3501 appliceturque

982 3544 1083 3661 QZ
1106 3560 1194 3633 Ξ
1214 3546 1319 3633 arcui
1352 3539 1527 3743 elliptico
1550 3541 1687 3649 To,
1714 3550 1899 3639 mulctato
1928 3578 2063 3668 quarta
2092 3552 2372 3665 proportionali

976 3666 1031 3751 ad
1060 3660 1186 3767 AO,
1217 3660 1300 3757 AF
1331 3662 1371 3741 &

978 3807 1030 3873 va
1056 3776 1229 3872 Elallica.
1289 3774 1586 3867 Demonstratio
1615 3808 1696 3867 non
1726 3787 1850 3871 minus
1879 3786 1999 3873 facilis
2026 3789 2081 3879 est
2113 3812 2229 3898 quam
2261 3779 2370 3871 cons-

976 3901 1131 3985 trunio.
1191 3900 1250 3988 Sit
1279 3900 1383 3984 enim
1412 3888 1455 3976 A
1469 3890 1679 4005 (2:12,
1700 3896 1800 4009 QZ
1813 3916 1901 3984 Σ
1902 3937 1948 4018 y,
1969 3908 2041 3989 erit
2058 3911 2294 3997 elementum
2310 3930 2367 3991 ar·

976 4040 1044 4099 cus
1070 4012 1173 4109 TO
1199 4026 1274 4117 (ex
1297 4034 1429 4099 natura
1442 4008 1517 4097 Elli
1546 4013 1591 4098 fir
1599 4024 2135 4128 lxmae-lxxma(
2143 4026 2368 4128 1⁴-7x⁴),

973 4136 1018 4218 ἃ
1048 4134 1282 4219 elementum
1307 4152 1429 4219 curvae
1460 4124 1506 4215 A
1605 4140 1694 4233 (ex
1727 4137 1809 4242 ejus
1840 4164 1973 4227 natura
1999 4146 2039 4223 δι
2076 4136 2252 4244 constr.)
2277 4164 2369 4239 ;·;

974 4249 1139 4341 ΝΜ
1151 4286 1187 4336 2:
1202 4252 1238 4343 ts
1250 4254 1382 4348 (44-
1397 4276 1425 4323 x
1438 4248 1498 4347 4).
1526 4249 1697 4361 ideoque
1719 4254 1953 4343 elementum
1975 4278 2115 4371 quartat
2140 4254 2366 4364 proportio-

973 4370 1069 4463 nalis
1097 4368 1148 4453 ad
1170 4363 1296 4467 AO,
1319 4364 1404 4458 AF
1425 4370 1465 4449 &
1486 4360 1618 4465 AM,
1646 4369 2280 4474 eritzudx.·tl(r⁴-x⁴),
2303 4396 2366 4455 er-

969 4530 1170 4643 go-Elem.
1193 4528 1298 4625 TO
1320 4592 1388 4611 -.-
1413 4529 1539 4621 Elem.
1565 4484 1780 4675 Ἥ)
1814 4535 1857 4618 ld
1883 4537 1960 4636 est,
1997 4530 2122 4619 Elem.
2158 4520 2256 4637 QZ
2275 4536 2363 4613 Z:
2421 4608 2427 4621 .

851 4736 857 4743 ·
971 4700 1098 4779 xxdx:
1112 4702 1147 4799 tl
1158 4702 1374 4812 (en-xl)
1388 4702 1563 4811 ΣΙ),
1577 4724 1665 4809 quae
1689 4699 1743 4782 est
1763 4694 1902 4781 eadem
1923 4694 2113 4808 aquatio,
2127 4712 2244 4802 quam
2268 4683 2360 4771 Fra·

967 4838 1024 4901 ter
1052 4806 1227 4899 exhibuit
1251 4846 1322 4929 pro
1352 4814 1605 4902 construenda
1625 4810 1808 4911 Elastica,
1839 4839 2033 4925 quamque
2059 4802 2259 4917 suspicatus
2281 4804 2359 4901 est,

967 4926 1035 5017 sed
1059 4955 1280 5041 perperam,
1304 4936 1565 5019 nullatenusa
1595 4927 1787 5040 cujusdam
1813 4924 1988 5015 sectionis
2011 4929 2154 5011 conicae
2177 4915 2359 5008 rectifica-

967 5048 1078 5133 tione
1099 5046 1319 5161 dependere
1332 5047 1565 5160 (dependet
1585 5052 1712 5157 enim,
1738 5076 1788 5143 ex
1813 5070 1923 5169 parte
1945 5040 2102 5153 filtem,
2128 5068 2152 5123 a
2176 5033 2359 5121 redidcr-

896 5248 900 5255 ,
966 5166 1077 5281 tione
1101 5192 1226 5279 curva
1249 5160 1451 5285 Ellipticae.
2133 5178 2358 5261 Munus

1454 3654 1529 3753 Mt
1560 3692 1643 3777 quo
1670 3664 1796 3767 fado,
1826 3674 1898 3755 erit
1928 3676 2110 3785 pundum
2138 3662 2239 3756 Zin
2267 3662 2371 3753 Cur..
