5500 6884
936 698 1048 875 ‘404
1091 751 1338 849 maron.
1368 755 1453 845 aa
1468 751 1825 848 mvrnmroo
1843 752 2084 848 vAtonr
2103 751 2318 848 macr,

947 928 2215 1036 ⁴·l-4x')-ax·-aa):(ss2aa-l-nxx)-x-a);
2253 954 2367 1042 qut·

961 1049 1055 1134 titur
1070 1039 1155 1144 'ejus
1178 1045 1287 1144 valor
1310 1046 1494 1131 existente
1514 1077 1627 1126 x=
1641 1076 1678 1131 a.
1717 1045 1808 1156 Jam
1829 1046 2004 1152 ver0,fi
2030 1046 2369 1143 differentientur,

963 1197 1012 1254 tx
1033 1161 1197 1278 Regula
1216 1156 1444 1276 praescripto,
1458 1163 1613 1247 termini
1631 1162 1845 1246 stantionis:
1867 1162 2041 1275 prodibit
2059 1193 2131 1276 pro
2151 1192 2265 1248 novo
2285 1192 2370 1249 nu·

963 1307 1156 1374 metatore
1184 1284 1350 1362 axxdx
1373 1286 1470 1388 ,742
1488 1276 1593 1389 <Ml
1612 1285 1662 1370 ÷
1684 1279 1815 1366 2a¹x⁸
1839 1277 1948 1373 ÷x‘
1962 1286 2181 1386 )-aedx,
2211 1287 2256 1363 &
2287 1310 2371 1392 pro

962 1428 1075 1488 novo
1105 1395 1401 1482 denominatore
1428 1402 1524 1478 xdx
1539 1404 1575 1496 ,l
1590 1429 1635 1480 ιι
1655 1395 1689 1487 ts
1708 1400 1792 1494 (aa
1807 1403 1854 1486 4-
1871 1428 1933 1480 xx
1947 1406 1967 1501 )
1984 1454 2053 1472 ..-
2069 1401 2156 1495 dx,
2189 1425 2370 1510 quorum

964 1519 1054 1614 illc,
1086 1515 1125 1596 in
1158 1509 1244 1597 casu
1267 1512 1496 1627 proposito,
1528 1513 1583 1596 est
1602 1513 1908 1612 cdx-cdx,
1937 1508 2002 1598 seu
2033 1517 2183 1612 otdx,
2218 1521 2261 1598 δι
2298 1517 2370 1595 hic

884 1629 895 1642 ’
965 1641 1025 1722 dx
1041 1629 1118 1705 ---Ι
1131 1635 1214 1730 dx,
1234 1623 1298 1714 seu
1317 1663 1341 1712 o
1353 1633 1435 1728 dx,
1452 1628 1626 1741 ideoque
1646 1624 1782 1741 &ipsa
1802 1655 1907 1714 nova
1931 1627 2065 1713 rianio
2087 1630 2300 1743 degenerat
2328 1633 2371 1712 in

968 1755 1112 1838 oadx:
1135 1752 1251 1847 odx,
1281 1740 1345 1828 seu
1375 1773 1540 1837 01:03
1569 1773 1654 1857 quae
1679 1747 1854 1830 valorem
1886 1744 2183 1838 determinatim
2211 1749 2372 1834 nullum

967 1869 1108 1964 habet,
1136 1869 1176 1946 &
1198 1863 1252 1944 ita
1272 1890 1340 1974 per
1369 1859 1565 1974 Regulam
1591 1861 1687 1944 nihil
1712 1863 1892 1948 haetenus
1918 1861 2181 1973 proficeretur.

1028 1981 1141 2069 Huic
1161 1979 1451 2064 inconvenienti
1471 2002 1513 2062 ut
1531 1974 1723 2063 medelam
1741 1977 1964 2069 afferamust
1983 1979 2078 2062 duas
2100 2007 2223 2064 novas
2242 2009 2372 2093 opon-

969 2127 1028 2188 tet
1053 2126 1095 2186 ut
1113 2093 1393 2182 confideremus
1417 2121 1550 2179 curvas
1572 2089 1679 2206 super
1701 2097 1898 2179 communi
1923 2123 1995 2180 axe
2012 2091 2236 2209 descriptas,
2264 2125 2367 2212 qua-

968 2249 1054 2306 rum
1076 2216 1272 2328 applicatae
1298 2211 1462 2298 eandem
1487 2210 1634 2295 habent
1652 2213 1866 2310 rationem,
1889 2237 2008 2324 quam
2029 2215 2175 2300 habent
2189 2217 2373 2328 priorum

970 2331 1265 2424 differentiales;
1299 2334 1338 2411 δι
1370 2327 1397 2413 fi
1427 2330 1484 2412 ha
1513 2329 1657 2415 iterum
1681 2329 1721 2410 in
1751 2330 1948 2414 communi
1977 2335 2125 2441 punito
2161 2326 2371 2418 concursus

971 2453 1154 2565 angulum
1180 2474 1269 2530 cum
1298 2473 1369 2529 axe
1389 2442 1559 2527 facerent
1578 2445 1644 2530 vel
1673 2448 1848 2543 renum,
1879 2446 1945 2527 vel
1974 2447 2148 2543 nullum,
2178 2451 2260 2534 aliae
2283 2479 2371 2532 rur-

972 2565 1031 2652 sus
1074 2564 1157 2647 dua
1188 2588 1313 2646 curvae
1347 2558 1628 2650 confiderendae
1658 2557 1812 2658 forent,
1838 2563 2224 2674 ‘quarumappficatae
2242 2567 2371 2651 habe.

972 2671 1059 2774 rent
1089 2708 1177 2764 cum
1206 2677 1383 2790 proxime
1406 2676 1701 2789 precedentium
1723 2672 2038 2765 differentialibus
2060 2680 2229 2769 eandem
2242 2689 2369 2771 ratio-

891 2849 894 2856 «
974 2801 1101 2888 nem:
1145 2794 1265 2908 idque
1295 2795 1413 2877 toties
1441 2792 1702 2893 faciendum,
1746 2791 1875 2882 donec
1908 2796 2151 2906 perveniatur
2184 2799 2237 2883 ad
2265 2801 2372 2910 noas

974 2943 1108 3008 curvas
1133 2941 1245 2998 axem
1268 2909 1431 3024 oblique
1455 2905 1622 2996 secantes
1644 2911 1685 2992 in
1711 2913 1854 3023 punsio
1878 2910 2106 3005 concursust
2128 2915 2180 2999 ad
2200 2919 2301 3003 tales
2324 2951 2370 3005 e.

973 3041 1056 3124 nim
1089 3029 1246 3120 tandem
1268 3024 1473 3114 necessario
1503 3028 1769 3139 pervenietur,
1801 3027 1870 3110 nist
1904 3025 2037 3114 finnio
2075 3032 2270 3143 propofita
2299 3037 2373 3123 ha·

923 3155 931 3164 ’
972 3157 1067 3244 beat
1097 3150 1273 3236 valorem
1300 3147 1365 3232 vel
1397 3146 1571 3245 nullum,
1602 3145 1667 3228 vel
1696 3141 1846 3230 infinite
1875 3173 2083 3258 magnumt
2125 3177 2209 3261 quo
2253 3148 2369 3252 casu,

975 3297 1053 3356 una
1081 3289 1228 3348 tantem
1258 3289 1376 3346 curva
1402 3255 1546 3348 secabit
1571 3288 1684 3352 axem
1713 3260 1902 3378 oblique,
1946 3263 2070 3354 altera,
2100 3287 2260 3382 tanget,
2300 3293 2373 3355 aut

976 3381 1200 3470 normaliter
1229 3373 1372 3463 secabit
1400 3406 1505 3462 eum.

1037 3494 1137 3582 Hoc
1159 3495 1378 3590 intellecto,
1409 3491 1521 3577 facile
1552 3493 1607 3578 est
1631 3496 1790 3598 videre,
1822 3498 1964 3612 sipost
1990 3501 2152 3612 primam
2190 3501 2370 3590 differen-

978 3619 1181 3706 tiationem
1210 3611 1461 3695 terminorum
1500 3606 1695 3697 fractionis
1728 3612 1859 3715 dttae,
1890 3618 1956 3699 alii
1982 3643 2188 3731 appareant
2215 3627 2370 3706 termini

834 3805 839 3835 1
1008 3739 1071 3842 ui,
1103 3725 1301 3813 substituto
1330 3757 1356 3806 a
1385 3728 1478 3810 loco
1506 3759 1556 3828 x,
1585 3729 1729 3844 abeant
1756 3735 1796 3816 in
1826 3732 2012 3834 nihilum,
2043 3739 2117 3821 hos
2146 3742 2284 3824 iterum
2309 3735 2369 3824 es·

973 3767 1016 3940 se
1048 3842 1388 3943 differentiandos,
1419 3868 1462 3928 ut
1490 3849 1531 3927 δι
1561 3874 1610 3958 err
1639 3848 1698 3932 his
1726 3877 1855 3934 novos
1884 3851 2149 3962 prodeuntes,
2180 3855 2209 3939 fi
2236 3859 2275 3940 in
2306 3884 2373 3942 ca-

978 3965 1019 4056 su
1051 3997 1186 4052 κει
1225 3960 1361 4046 denuo
1393 3955 1651 4054 evanescantr
1692 3970 1733 4049 δι
1761 3965 1811 4050 stc
1839 3994 1957 4076 porro
1987 3965 2199 4085 usquedum
2229 3974 2371 4058 habea·

973 4110 1041 4178 ,tur
1061 4084 1192 4168 fractio
1217 4081 1390 4162 constans
1413 4081 1609 4178 terminis,
1640 4079 1681 4164 in
1710 4109 1763 4166 eo
1792 4078 1881 4168 casu
1893 4145 1907 4184 ,
1938 4115 2019 4171 non
2044 4086 2379 4177 evanescentibus..

1039 4200 1166 4308 Ratio
1182 4199 1293 4302 hujus
1309 4192 1571 4306 processus-est
1593 4195 1768 4298 evidem,
1788 4229 1837 4284 ex
1859 4203 2043 4316 eoquod
2065 4206 2286 4292 differentiae
2302 4236 2370 4319 ap-

979 4323 1202 4434 plicatarum
1233 4315 1271 4395 in
1298 4312 1423 4396 curvis
1447 4311 1598 4396 duabus
1629 4316 1760 4427 primis
1784 4316 1922 4428 poffmt
1951 4318 2047 4421 esst,
2078 4326 2144 4408 vel
2174 4351 2374 4435 compara-

978 4439 1103 4535 biles,
1132 4433 1327 4545 inpunite
1343 4423 1550 4512 concursus
1567 4431 1650 4529 axi,
1685 4459 1773 4516 cum
1786 4434 1941 4546 reliquis
1965 4439 2238 4550 applicatarum
2262 4438 2373 4525 diffe-

980 4555 1136 4640 rentiis;
1173 4579 1260 4663 quo.
1279 4537 1386 4644 casu,
1418 4573 1494 4629 una
1523 4569 1673 4631 tantum
1690 4548 2012 4638 different-latione
2029 4583 2127 4668 opus
2149 4561 2234 4660 est,
2265 4583 2310 4642 ut
2330 4560 2373 4642 in

981 4669 1161 4777 exemplo
1175 4661 1441 4776 prioriy=s
1453 4660 1488 4756 ts
1501 4662 1518 4756 (
1531 4663 2068 4774 2·a³··x-x⁴·)--a,³laax).·
2082 4673 2249 4786 (ιι-ιζ]
2262 4673 2373 4766 nn),-

979 4774 1064 4874 Vel
1094 4781 1204 4892 quod
1226 4781 1448 4894 differentia
1469 4786 1543 4870 illa
1562 4785 1700 4898 poismt
1722 4782 1796 4868 esse
1825 4784 2041 4899 simpliciter
2063 4789 2210 4876 infinite
2247 4817 2373 4904 parvae

978 4899 1046 4992 vel
1074 4921 1242 5014 magnae,
1267 4895 1437 5016 respestu
1463 4904 1699 5024 reliquarum
1721 4898 2038 4999 differentiammr
2073 4935 2154 5023 quo
2171 4902 2284 5006 casu,
2316 4901 2384 5114 spa
