5500 6884
279 581 281 671 l

274 2510 288 3141 l

432 810 514 903 ne.
528 806 688 901 norm,
716 810 801 899 nn
825 756 1019 903 crum
1042 748 1580 933 nomamrrfflomr,
1594 824 1670 909 oc.
1707 850 1786 930 135

391 976 477 1072 ur,
509 976 563 1057 ita
598 972 690 1061 duci
716 979 871 1089 potest,
904 1003 948 1063 ut
981 1006 1098 1067 curva
1130 1006 1264 1098 optata
1297 974 1460 1069 transeat
1485 1008 1554 1097 per
1580 978 1789 1093 quodlibet

391 1092 575 1199 putidum
603 1090 749 1179 datum.

450 1204 523 1293 Ad
548 1210 768 1296 uberiorem
789 1210 1123 1301 confirmationem
1141 1212 1307 1301 sumatur
1324 1246 1397 1331 pro
1418 1242 1535 1301 curva
1561 1215 1651 1299 data
1672 1213 1785 1321 AB,

394 1324 523 1410 circtdi
536 1328 773 1441 peripheria,
795 1356 1059 1443 quaeraturque
1072 1363 1121 1419 ex
1134 1335 1303 1449 generali
1317 1336 1444 1421 nostra
1455 1328 1647 1419 solutione
1660 1365 1784 1451 aequa·

395 1442 453 1524 tio
485 1444 676 1557 analytica
707 1474 779 1559 pro
811 1474 927 1531 curva
955 1442 1085 1541 LMs
1127 1482 1212 1565 quae
1236 1454 1446 1566 reperietur
1472 1478 1590 1566 quam
1614 1457 1786 1563 apprime

394 1554 606 1671 conspirare
628 1562 685 1645 illi
713 1590 829 1677 quam
855 1564 1000 1669 Musiris
1020 1560 1200 1653 Marcbr'o
1231 1568 1428 1662 exhibuits
1460 1596 1546 1683 quae
1567 1592 1697 1653 tamen
1711 1574 1787 1659 viis

394 1680 433 1758 bc
458 1679 651 1793 principiis
682 1678 931 1766 diversrllimis
960 1685 1119 1770 inventa
1150 1680 1269 1785 sunt,
1301 1688 1404 1773 adeo
1443 1710 1487 1770 ut
1523 1686 1591 1769 vel
1619 1688 1786 1777 maxime

394 1794 532 1879 exinde
553 1792 772 1909 conspicere
800 1798 940 1901 liceat,
972 1794 1181 1903 Naturam,
1213 1831 1286 1889 ceu
1310 1802 1608 1889 immutabilium
1637 1797 1787 1891 suatum

393 1908 520 2025 legum
550 1942 792 2015 memorem,
825 1912 895 1999 fibi
920 1946 1118 2033 nunquam
1143 1948 1224 2005 non
1255 1924 1441 2007 constare.

451 2024 582 2141 Qrod
603 2030 630 2115 fi
654 2032 884 2147 principium
907 2028 1014 2148 supra
1049 2036 1208 2122 allatum
1230 2036 1281 2121 ad
1307 2040 1382 2121 alia
1411 2040 1522 2148 hujus
1553 2035 1664 2123 modi
1692 2066 1784 2153 pro-

393 2146 558 2231 blemata
580 2148 771 2261 applicare
793 2148 948 2252 lubeat,
979 2150 1179 2239 videbitur
1208 2152 1529 2239 soecundilsrmurn
1550 2154 1647 2239 illud
1671 2152 1781 2249 esser

391 2286 433 2346 ut
462 2263 488 2345 fi
516 2292 576 2349 ex.
599 2294 656 2379 gr.
686 2263 876 2351 fisniculus
898 2296 979 2355 non
1002 2296 1118 2355 unam
1150 2265 1297 2373 solam,
1329 2266 1395 2356 sed
1420 2272 1548 2383 plures
1579 2272 1671 2355 alias
1702 2297 1785 2357 tro-

392 2380 527 2467 chleas'
540 2382 686 2483 ambit,
718 2382 868 2497 (quod
897 2386 937 2471 in
964 2389 1072 2499 praxi
1098 2389 1152 2473 ita
1178 2387 1261 2474 lieri
1288 2412 1566 2502 nonnunquam
1590 2386 1785 2476 necessitas

389 2524 519 2613 urget,
552 2498 710 2617 quando
735 2528 877 2615 nempe
911 2503 966 2587 ob
993 2528 1115 2589 certas
1144 2507 1440 2591 circumstantias
1470 2504 1585 2604 loci,
1613 2505 1680 2589 vel
1708 2506 1783 2593 alia

388 2614 690 2727 impedimenta,
721 2646 838 2703 curva
863 2618 1179 2734 aequilibrationis
1209 2624 1321 2736 ponti
1346 2617 1507 2707 sublicio
1536 2649 1619 2709 non
1644 2623 1782 2710 imme·

388 2732 491 2817 diste
518 2732 736 2847 adaptanda
748 2794 763 2837 ,
794 2736 863 2820 ubi
892 2739 1094 2824 obstaculo
1123 2737 1261 2841 soret,
1290 2732 1358 2825 scd
1388 2740 1440 2823 ab
1462 2741 1608 2825 codem
1629 2729 1784 2853 longius

386 2848 626 2939 removenda
657 2856 697 2936 dc
734 2854 775 2937 in
809 2854 942 2939 locum
978 2856 1290 2943 commodiorem
1322 2884 1594 2971 quemcunque
1626 2856 1783 2943 libuerit

387 2966 647 3053 transferenda
669 2967 784 3074 est‚)
815 2971 881 3055 vel
904 2970 931 3055 sr
956 2974 1084 3081 plures
1103 2973 1242 3057 dantur
1269 3000 1421 3072 curvae,
1452 2975 1493 3056 in
1515 2972 1656 3086 quibus
1674 2972 1783 3083 plura

384 3084 560 3199 pondera
572 3086 685 3186 data,
706 3087 774 3169 uni
796 3088 861 3170 vel
873 3086 1048 3199 pluribus
1076 3086 1253 3172 firniculis
1276 3090 1317 3171 in
1340 3086 1496 3169 diversis
1514 3086 1781 3171 diumtiisal·

384 3202 524 3317 ligata,
556 3234 626 3317 per
649 3232 769 3287 unum
793 3202 859 3287 vel
886 3202 995 3317 plura
1019 3197 1211 3289 sacomata
1237 3203 1308 3289 srnt
1332 3200 1632 3315 aequilibrandas
1662 3204 1730 3287 vel
1753 3202 1782 3292 fi
1810 3238 1815 3245 ¹

281 3351 282 3371 ¹
384 3322 478 3405 loco
502 3322 761 3407 trochlearum
782 3314 867 3405 sunt
887 3324 1017 3405 redes
1043 3322 1275 3434 inquorum
1301 3316 1606 3404 extremitatibus
1620 3316 1782 3406 liiniorli

281 3433 286 3446 '
385 3466 473 3523 cum
503 3436 782 3551 ponderibus,
824 3438 951 3522 curvis
986 3433 1086 3521 datis
1122 3436 1470 3536 incumbentibus,
1499 3434 1780 3525 adnebitmturs

273 3848 275 3919 l

381 3558 450 3639 vel
464 3552 736 3671 qualiscunque
754 3553 913 3639 demum
932 3554 1166 3639 machinatio
1189 3558 1230 3638 dr
1251 3576 1594 3669 quantumcunque
1615 3544 1781 3669 combo-

382 3670 451 3756 lita
475 3672 526 3757 ab
559 3670 791 3761 Architcdo
825 3673 1103 3783 excogitetur,
1144 3698 1268 3755 curvae
1289 3670 1610 3785 ,aequuibmtionir
1631 3664 1780 3785 semper

378 3790 465 3905 pari
488 3788 670 3876 facilitate
693 3792 733 3874 δι
756 3790 861 3902 quas
882 3786 1058 3874 ludendo
1079 3790 1370 3888 construuntur,
1402 3814 1491 3871 cum
1510 3788 1602 3870 alias
1622 3788 1663 3871 in
1684 3814 1778 3899 pro·

378 3908 570 3992 lixitatem
596 3908 732 3992 calculi
754 3900 1047 4019 insuperabilem
1073 3906 1361 4003 incideremus,
1393 3903 1420 3987 sr
1444 3902 1496 3987 ad
1517 3904 1777 3989 imitationem

378 4018 585 4111 solutionis
604 4022 884 4139 praecedentis,
915 4021 1127 4109 auferendo
1151 4020 1262 4139 quod
1280 4022 1546 4107 mechanicum
1564 4020 1642 4120 est,
1664 4013 1777 4109 hasce

378 4144 610 4257 questiones
632 4144 672 4226 in
697 4170 792 4255 pure
809 4142 1066 4255 geometricas
1092 4164 1239 4228 mutare
1266 4140 1468 4227 vellemus.

440 4252 527 4345 Hic
539 4260 671 4375 itaque
680 4259 879 4375 penitioris
893 4254 1131 4348 Geometriae
1144 4253 1776 4373 peritiffimumLuluul'er

378 4372 598 4465 constitum
618 4376 760 4477 velim,
787 4406 838 4463 an
857 4382 939 4467 non
963 4402 1075 4463 cenae
1097 4378 1238 4492 regula
1261 4378 1424 4464 inveniri
1444 4374 1585 4491 posl'mt
1605 4403 1678 4489 pro
1700 4373 1777 4462 illis
1916 4461 1923 4481 ,

374 4494 666 4612 problematis,
707 4524 792 4608 quae
818 4494 858 4577 in
886 4495 1074 4579 abstracto
1100 4494 1296 4609 proposita
1328 4490 1773 4579 communem‘Geome·

374 4613 491 4699 triam
513 4612 673 4728 quidem
698 4606 898 4728 respuunt,
921 4614 962 4695 in
989 4637 1173 4700 concreto
1199 4636 1328 4697 autem
1351 4612 1516 4697 eandem
1538 4608 1772 4701 admittuntt

377 4734 437 4817 ita
461 4754 505 4817 ut
525 4758 608 4815 non
630 4756 730 4845 opus
757 4728 801 4813 lit
825 4757 1017 4815 recurrere
1039 4729 1091 4814 acl
1117 4728 1426 4815 differentialium
1453 4726 1775 4842 integraliumque

376 4848 604 4951 calculum,
635 4850 743 4961 cujus
768 4846 929 4934 evidens
957 4849 1177 4965 exemplum
1206 4848 1392 4935 habemus
1421 4847 1462 4931 in
1490 4854 1614 4931 canori
1637 4845 1776 4931 nostris

375 4964 686 5079 equilibraetiomi:
719 4964 830 5083 quod
858 4966 1031 5086 quodam
1064 4966 1188 5056 modo
1220 4966 1446 5070 confirmate
1475 4967 1604 5093 potest
1617 5026 1634 5069 ‚
1644 4956 1775 5169 qupg

1677 5110 1699 5167 r
