5500 6884
1099 803 1180 887 450
1281 759 1573 864 merone.
1604 767 1689 858 nn
1716 695 2082 859 murronis.
2124 771 2377 862 nomn

1096 959 1135 1016 ut
1169 939 1290 1016 Clariis.
1318 939 1536 1014 Problematir
1561 936 1760 1036 propositori
1784 941 1876 1012 Dno.
1902 938 1972 1030 rot.
1999 941 2235 1015 Bnnuoun
2248 961 2303 1013 aa
2334 942 2452 1013 eonii:

1095 1041 1181 1112 illius
1213 1038 1414 1112 solutionem
1448 1039 1610 1110 methodis
1643 1038 1771 1112 Calculi
1799 1031 2026 1111 differentialis
2051 1035 2188 1111 inversu
2221 1042 2384 1111 maxime
2410 1064 2450 1110 ut

1094 1136 1182 1232 posse
1207 1137 1376 1218 obtineri,
1403 1155 1520 1230 utpote
1540 1136 1625 1227 qui,
1653 1137 1689 1206 in
1709 1136 1846 1230 privatis
1871 1133 1934 1206 suis
1956 1136 1998 1207 ad
2029 1139 2159 1209 Dnum.
2188 1139 2294 1210 Cu!
2308 1158 2338 1210 Y
2352 1160 2456 1210 renti

1093 1236 1211 1308 litteris
1255 1233 1460 1328 significabat
1485 1234 1624 1307 eandem
1652 1258 1724 1306 non
1750 1230 1838 1328 posse
1871 1231 2018 1308 exhiberi
2042 1258 2102 1328 pet
2125 1236 2366 1309 Tbeoremara
2387 1237 2456 1308 nte:⁴

1094 1334 1133 1406 in
1153 1335 1239 1406 Adiit
1262 1333 1338 1406 thil.
1365 1341 1406 1421 R.
1427 1339 1462 1406 S.
1489 1335 1591 1406 Mart.
1615 1353 1707 1424 1703
1734 1331 1908 1426 publicata.
1959 1335 2004 1404 Et
2026 1333 2187 1426 quoniam
2199 1383 2212 1421 ,
2233 1354 2276 1405 ex
2306 1339 2400 1407 Adri
2415 1345 2457 1406 ir.

1094 1431 1155 1502 dir.
1176 1433 1267 1526 dog.
1297 1451 1387 1524 1705
1410 1434 1461 1517 ἥ,
1485 1431 1628 1525 percipio
1652 1429 1851 1505 solutionem
1874 1430 1965 1502 illam
1987 1426 2087 1523 [quac
2107 1428 2207 1526 scopo
2226 1436 2400 1526 praediun
2419 1433 2457 1504 lu

1078 1525 1253 1623 'superque
1279 1526 1523 1621 satisfaciebat]
1551 1527 1749 1602 Dotiilsuno
1772 1529 1859 1600 Viro
1886 1551 1957 1604 non
1985 1530 2162 1616 arridere,
2178 1531 2253 1603 ideo
2280 1536 2397 1606 modo
2412 1559 2457 1624 po

1093 1624 1217 1700 missam
1239 1625 1463 1713 solutionem,
1497 1627 1580 1698 nulli
1603 1625 1784 1718 objedlioni
1806 1626 2017 1712 obnoxiam,
2040 1627 2164 1721 publici
2187 1629 2272 1723 juris
2288 1630 2397 1704 facio.
2420 1634 2457 1703 Νι·

1093 1722 1172 1796 'celse
1191 1727 1299 1818 itaque
1325 1725 1395 1809 est,
1421 1743 1460 1795 ut
1487 1720 1611 1796 Clariis.
1642 1726 1965 1798 Bellunum
1994 1724 2174 1818 agnoscat,
2199 1729 2260 1802 uix
2289 1728 2457 1802 ultumas

1092 1820 1293 1908 Problema,
1324 1822 1417 1912 cujus
1442 1818 1562 1894 solutio
1590 1845 1631 1894 ex
1657 1824 1794 1896 Calculo
1820 1823 1978 1918 Integrali
2003 1821 2129 1899 sutilius
2150 1826 2373 1916 deducitur,
2395 1853 2457 1922 qu]

1092 1914 1140 1988 sui
1165 1919 1205 1990 de
1231 1917 1544 1994 Trantsotmatione
1567 1921 1768 1993 Curvarum.

1142 2055 1230 2140 Quae
1253 2052 1394 2126 veroin
1419 2047 1516 2145 ipsrus
1540 2053 1815 2125 Benneueke
1838 2048 2002 2125 solutione
2027 2048 2221 2144 displicent,
2252 2055 2377 2148 paucis
2396 2079 2457 2139 eun

1089 2147 1184 2224 rubo.
1236 2153 1279 2225 Et
1298 2151 1440 2237 Primo,
1468 2151 1571 2238 Quod
1592 2151 1635 2222 ad
1666 2153 1795 2223 Curras
1820 2167 1953 2225 tantum
1977 2149 2175 2244 algebra'itar
2203 2156 2355 2226 eandem
2377 2177 2457 2225 exre.-

1089 2249 1183 2322 derit‘.
1236 2249 1419 2334 Secundo,
1445 2247 1550 2338 Qrod
1565 2248 1897 2321 mechanicatantum
1920 2245 1961 2320 lit
1974 2300 1986 2335 ,
2011 2275 2031 2320 a
2054 2255 2150 2321 Motu
2177 2245 2245 2341 [ut
2266 2250 2399 2343 uocat]
2420 2277 2457 2339 tp

939 2367 943 2374 ’
1085 2356 1171 2422 torio
1190 2364 1261 2419 tota
1277 2347 1475 2441 dependens.
1507 2347 1693 2418 Immortali
1713 2346 1846 2439 quidem
1866 2350 1994 2420 honore
2017 2348 2136 2441 dignus
2152 2347 2201 2419 est
2213 2351 2456 2428 Haemus

1088 2443 1135 2518 ob
1156 2450 1334 2517 inventurn
1349 2443 1562 2516 Evolutionis
1574 2463 1704 2516 motum
1715 2495 1727 2529 ,
1748 2447 1850 2537 quia,
1877 2449 1910 2518 dt
1929 2443 2022 2538 ipse,
2047 2449 2079 2518 dt
2099 2445 2172 2540 post
2191 2445 2304 2543 ipsum
2315 2452 2371 2522 alii
2381 2501 2393 2534 ,
2409 2451 2457 2540 plu

1086 2542 1172 2614 rima
1197 2542 1323 2634 egregia
1346 2541 1568 2612 Theoremata
1591 2544 1787 2634 geometrice
1809 2543 1929 2617 exinde
1949 2545 2171 2620 deduxerum.
2226 2550 2298 2620 Sed
2321 2574 2381 2619 nec
2401 2549 2453 2618 ilo

1001 2657 1006 2664 ·
1087 2654 1143 2709 tus
1162 2641 1431 2712 Lucrum
1451 2641 1646 2726 tractionis,
1670 2665 1732 2712 nec
1753 2643 2025 2716 Bunuoucu
2047 2644 2165 2715 Morus
2185 2651 2382 2738 repentine,
2404 2667 2454 2714 cua

1086 2737 1125 2809 H
1132 2756 1300 2832 vunnu
1322 2738 1424 2810 Motu
1444 2738 1645 2811 evolationis
1659 2740 1960 2834 comparabuntur,
1978 2740 2109 2828 donec,
2129 2755 2208 2814 curn
2226 2747 2453 2823 Herceum,

1086 2833 1290 2908 celeberrimi
1323 2835 1400 2908 Viri
1433 2837 1564 2910 Curvae
1585 2861 1643 2931 per
1667 2839 1784 2912 Motus
1813 2837 1890 2928 suos
1918 2840 2044 2932 genitas
2073 2840 2116 2912 ad
2146 2841 2232 2935 leges
2264 2845 2454 2937 geometrico

928 2919 933 2926 ’
1083 2935 1342 3015 revocaverint3
1381 2933 1567 3026 quodcum
1580 2953 1699 3008 neuter
1722 2962 1840 3011 eorum
1867 2936 2084 3032 praestiterit,
2116 2937 2193 3011 ideo
2224 2943 2451 3016 Problemata-a

1079 3027 1286 3122 solutiones,
1319 3032 1542 3127 dependenter
1573 3059 1593 3106 a
1622 3035 1745 3118 Curvir
1775 3061 1833 3131 per
1867 3039 1985 3115 Motus
2011 3035 2265 3132 fungeritis,
2292 3039 2451 3118 interiit

1082 3131 1234 3205 danicae
1257 3127 1366 3204 solum
1389 3133 1601 3207 annumerari
1624 3131 1767 3227 posunt.

1174 3335 1193 3373 ⁸
1212 3337 1302 3419 sopra
1320 3339 1373 3408 N⁰·
1391 3340 1563 3411 LXXIV.
1585 3362 1653 3425 pag.
1671 3362 1742 3425 ⁴⁰9·
1762 3362 1833 3423 41⁰.
