5500 6884
993 715 1082 835 ,a
1167 689 1510 812 mtxxtv.
1570 697 1820 792 Morus
1873 702 2274 802 narronrun

995 882 1039 968 fi't
1052 879 1203 966 summa
1225 877 1292 962 vel
1317 873 1540 962 differentia
1567 903 1740 961 arearum
1761 873 1964 963 datarum3
1998 879 2122 958 creor
2145 870 2296 961 scilicet
2323 898 2400 958 tan·

992 1024 1076 1084 tunt
1089 999 1141 1082 ad
1165 1023 1413 1080 communem
1425 989 1616 1078 abscidam
1633 1021 1737 1076 nova
1750 993 1940 1103 applicata
1965 987 2118 1076 summae
2133 997 2195 1079 vel
2213 993 2397 1077 differen-

995 1119 1057 1204 tiae
1075 1112 1249 1200 durarum
1269 1115 1544 1225 applicatarum
1560 1112 1720 1224 aequali:
1765 1105 1829 1196 At
1839 1107 1995 1206 vero,st
2012 1139 2094 1194 non
2107 1141 2217 1210 areae,
2231 1105 2305 1194 sed
2320 1113 2400 1194 lon·

993 1233 1188 1348 gimdines
1207 1225 1482 1343 ipsaedararum
1498 1228 1824 1342 algebraicarum,
1851 1228 1891 1308 in
1910 1228 2024 1309 aliam
2046 1257 2193 1311 novam
2205 1229 2399 1342 algebrai-

997 1380 1082 1435 cam
1107 1377 1263 1434 curvam
1281 1349 1465 1446 conflari,
1496 1347 1638 1444 idest,
1665 1347 1830 1430 inveniti
1853 1342 1881 1425 sr
1906 1344 2050 1428 debeat
2075 1373 2191 1429 curva
2208 1345 2398 1459 algebrai·

997 1463 1067 1567 ca,
1098 1471 1204 1574 cujus
1229 1464 1437 1577 longitudo
1459 1487 1629 1577 aequetur
1651 1464 1810 1545 aliarum
1835 1459 2011 1544 datarum
2029 1464 2095 1545 vei
2126 1456 2313 1561 sutmnae,
2337 1465 2396 1545 vel

999 1583 1248 1671 differentiae
1274 1583 1351 1666 hoc
1375 1585 1466 1690 jam,
1484 1579 1595 1694 quod
1613 1580 1793 1690 hedenus
1813 1605 1838 1661 a
1858 1581 2015 1662 nemine
2025 1579 2202 1663 effedlum
2223 1581 2398 1692 reper‘as,

998 1705 1133 1786 nostrae
1153 1700 1307 1784 videtur
1333 1694 1564 1784 reservatum
1589 1697 1805 1795 methodo,
1834 1723 1917 1778 rent
1939 1697 2105 1780 mirabili
2121 1698 2322 1781 brevitate
2336 1697 2396 1778 ab

998 1815 1176 1902 solventi
1237 1811 1398 1900 Etenim
1420 1813 1447 1896 st
1467 1815 1594 1925 primo
1616 1811 1712 1896 duas
1738 1842 1787 1896 ex
1815 1812 1915 1895 datis
1933 1816 2059 1896 curvis
2081 1808 2227 1913 sumas,
2252 1843 2396 1898 eantur·

1002 1965 1079 2048 que
1104 1961 1219 2018 unam
1243 1931 1433 2042 obrepere
1463 1930 1604 2029 facias,
1633 1929 1793 2014 alteram
1825 1929 1988 2014 habebis
2013 1932 2222 2043 reptoriam
2252 1931 2396 2015 duabus

999 2051 1101 2136 datis
1122 2050 1334 2164 aequalem
1365 2046 1417 2130 ad
1443 2075 1562 2159 quam
1585 2047 1611 2128 st
1634 2047 1777 2132 eodem
1801 2046 1926 2130 modo
1948 2045 2067 2130 addas
2093 2049 2248 2133 tertiam
2273 2048 2394 2132 duram

1001 2197 1180 2267 curvam,
1207 2195 1286 2278 ope
1313 2165 1556 2276 obreptionis
1575 2163 1708 2248 denuo
1724 2163 1984 2263 instituenda,
2008 2163 2184 2276 prodibit
2197 2167 2276 2249 alia
2298 2189 2394 2249 nova

998 2289 1168 2398 reptoria
1189 2285 1311 2368 tribus
1336 2285 1411 2366 istis
1436 2281 1537 2365 datis
1565 2283 1692 2366 curvis
1720 2281 1964 2394 longitudine
1987 2282 2173 2395 aequalis,
2206 2285 2270 2366 cui
2294 2281 2394 2364 hmili

1001 2403 1125 2487 modo
1158 2413 1359 2515 quartam,
1390 2402 1523 2510 postea
1555 2401 1763 2511 quintam,
1800 2405 1839 2482 δι
1870 2400 1997 2510 plures
2029 2427 2148 2512 porto
2180 2399 2393 2494 addendo,

1001 2519 1163 2624 habebis
1184 2516 1342 2600 tandem
1367 2543 1481 2598 unam
1506 2516 1687 2598 omnibus
1709 2514 1817 2600 simul
1839 2518 1964 2599 curvis
1987 2514 2087 2601 datis
2109 2519 2329 2630 aqualem,
2358 2521 2393 2596 δι

1002 2631 1189 2748 quidem,
1216 2662 1284 2743 per
1304 2633 1460 2714 Lemma
1477 2633 1534 2730 Ι,
1566 2631 1856 2744 algebra't'cum,
1888 2631 1916 2716 sr
1946 2635 2042 2718 tales
2074 2663 2237 2749 quoque
2262 2633 2394 2718 fiterint

1000 2749 1124 2841 datae3
1156 2749 1273 2832 srcubi
1294 2778 1392 2833 vero
1414 2747 1660 2847 differentia,
1684 2751 1749 2834 vel
1771 2745 1989 2833 subllradtio
2012 2779 2212 2836 curvarum
2225 2748 2392 2836 facienda

1002 2870 1192 2964 occurrit,
1221 2868 1315 2950 loco
1335 2892 1427 2949 tunc
1441 2867 1707 2978 obreptionis,
1731 2862 2019 2981 subreptionem
2032 2861 2389 2962 instituendumelle,

1000 3011 1084 3072 non
1115 2983 1267 3069 necesse
1293 2983 1399 3068 duco
1425 3009 1469 3067 ut
1494 3009 1690 3067 moneam.

1063 3139 1168 3254 Qae
1188 3143 1343 3226 comita
1356 3137 1393 3227 se
1416 3143 1607 3242 habeant,
1633 3141 1738 3227 nulla
1759 3144 1917 3256 posthac
1932 3133 2005 3229 erit
2019 3171 2081 3228 res
2107 3143 2249 3242 ardua,
2263 3163 2385 3226 curvas

1002 3287 1085 3346 non
1099 3283 1248 3342 tantum
1263 3257 1467 3358 disfimiles,
1481 3255 1546 3344 sed
1560 3265 1600 3343 &
1614 3255 1850 3345 diversorum
1860 3265 2022 3347 omnino
2036 3289 2220 3376 generum
2233 3267 2273 3348 in
2288 3283 2388 3342 urrant

1004 3370 1290 3572 [subintellipes
1312 3377 1590 3488 algebraicam,
1614 3374 1727 3461 stillae
1746 3381 1841 3464 tales
1860 3379 2032 3477 haerint]
2063 3381 2271 3494 colligere,
2297 3380 2389 3464 vela

1001 3489 1041 3580 se
1059 3515 1197 3576 mutuo
1232 3492 1446 3594 ubtrahere,
1464 3493 1530 3578 'vel
1542 3493 1679 3604 partim
1700 3487 1917 3584 subtrahere
1938 3501 1978 3581 δι
1999 3497 2137 3608 partim
2157 3500 2324 3590 adderer
2342 3513 2388 3578 at·

1004 3640 1083 3724 que
1099 3611 1165 3695 vel
1184 3633 1421 3724 aggregato,
1439 3613 1504 3701 vel
1528 3607 1776 3714 differentiae,
1796 3617 1861 3699 vel
1882 3616 2021 3728 partim
2043 3613 2294 3719 differentia,
2316 3640 2387 3726 par·
2469 3720 2470 3727 Ν

1003 3725 1076 3813 tim
1100 3751 1335 3842 aggregato,
1366 3755 1481 3813 unam
1504 3732 1690 3840 aqualem
1710 3735 1925 3818 construere
1948 3759 2117 3816 curvam.
2177 3732 2250 3818 Sic
2272 3757 2387 3820 exen-

1001 3848 1057 3960 pli
1091 3847 1212 3959 gratia
1234 3908 1247 3946 ,
1278 3873 1360 3936 non
1393 3841 1516 3932 solum
1543 3843 1702 3963 Ellipses
1746 3875 2001 3965 quotcunque
2030 3848 2222 3936 dissimiles
2258 3843 2387 3964 [quod
2468 3896 2469 3909 ι

1001 3989 1132 4048 tamen
1171 3987 1284 4048 antea
1315 3958 1368 4048 sat
1399 3995 1543 4081 magna
1571 3966 1802 4054 difficultatis
1831 3966 1993 4068 fitilier]
2032 3961 2098 4052 sed
2125 3962 2287 4083 Ellipfes
2312 3989 2387 4050 cunr
2468 3930 2469 4021 l

1003 4072 1274 4192 Hyperbolis,
1303 4085 1343 4164 δι
1361 4077 1583 4193 Parabolis,
1613 4115 1682 4200 per
1711 4089 1877 4171 nostram
1904 4085 2133 4183 methodum
2161 4085 2274 4172 facile
2310 4107 2387 4168 coa·

1002 4178 1145 4286 lescent
1173 4197 1212 4280 in
1240 4221 1389 4298 unam,
1417 4201 1494 4285 hoc
1529 4205 1609 4303 est,
1638 4204 1715 4288 stne
1745 4234 1886 4320 magno
1923 4198 2058 4292 labore
2089 4205 2293 4290 exhibebo
2322 4205 2387 4311 jan

1000 4341 1159 4402 curvam
1186 4315 1474 4430 algebraicam,
1495 4348 1579 4433 qua
1603 4314 1682 4408 sola
1707 4325 1822 4427 trium
1848 4319 2056 4409 sellionum
2079 4326 2301 4406 conicarurn
2328 4317 2384 4401 da·

995 4440 1126 4516 'utrum
1145 4431 1429 4550 longitudInem
1458 4463 1645 4556 exaequet.
1678 4435 1739 4528 Ex
1768 4437 1868 4530 hisce
1889 4473 1986 4532 vero
2010 4437 2213 4528 deducitur
2233 4435 2383 4556 sequens

1001 4537 1046 4634 in
1074 4547 1259 4640 abstraho
1285 4553 1533 4668 propofituffl
