5500 6884
470 842 1693 949 N⁰.x>oev1.rnorenrrononrrrrormm
1727 864 1808 963 nr

417 1052 523 1137 315,
547 1022 584 1125 I.
618 1049 692 1125 15,
724 1016 792 1121 ubi
815 1017 1039 1131 acutissimus
1061 1014 1222 1105 Author
1237 1020 1433 1135 distinguit
1462 1030 1716 1137 quantitatum
1739 1054 1807 1139 ge·

413 1138 509 1224 nera
533 1142 573 1221 in
602 1140 824 1235 ordinarias,
855 1138 1092 1247 ofinirestmas
1103 1149 1247 1247 primas
1262 1136 1331 1245 ſsu
1353 1136 1623 1250 drfflrentr'ales,
1648 1140 1805 1253 drffirera-

412 1254 752 1367 aia-drffererarr'ales
767 1253 850 1361 serr·
868 1256 1106 1365 irpsm'restmas
1122 1254 1431 1365 secandas„&c.
1477 1256 1676 1343 manifesto
1707 1284 1810 1343 cette

416 1372 586 1475 indicio,
645 1401 685 1457 er
714 1374 914 1454 ordiam
947 1374 1042 1455 nihil
1061 1372 1164 1455 aliud
1192 1374 1405 1486 intelligere
1436 1398 1552 1488 quam
1581 1379 1812 1489 quantitates

418 1490 557 1575 finitas.
616 1402 803 1575 iraterea
821 1487 962 1573 fallitur
990 1486 1077 1574 Dn.
1108 1488 1557 1593 NIEUWENTHT,
1580 1493 1737 1606 quando
1751 1522 1810 1577 ra-

418 1617 528 1691 tionis
544 1604 797 1715 ]r'rbraagentr's
824 1610 879 1687 ad
902 1612 1104 1709 ordinatam
1127 1610 1365 1717 expreffirrr‘em
1384 1618 1598 1691 interminis
1621 1616 1813 1693 orasinarr'is

422 1724 676 1837 (algebraicis
699 1720 786 1805 vult
811 1722 970 1827 dicere)
997 1722 1228 1834 impoffibilem
1256 1731 1367 1834 plane
1400 1724 1621 1825 arbitratur,
1654 1740 1695 1811 in
1708 1710 1717 1727 ⁰
1731 1729 1814 1834 castr

419 1872 489 1957 quo
512 1843 588 1950 ἐμβα
607 1870 724 1923 curva
740 1850 884 1953 aquatio
903 1850 944 1922 r'rr
962 1850 1125 1923 terminis
1143 1844 1334 1924 ordinariis
1355 1852 1481 1951 exponi
1504 1852 1636 1955 nequit.
1667 1836 1810 1927 Const-

420 1958 557 2055 deret,
587 1982 631 2040 ut
653 1954 703 2040 de
726 1955 970 2069 possibilitate
984 1960 1257 2059 convincatur,
1283 1957 1355 2042 vel
1367 1954 1487 2041 solam
1505 1959 1724 2071 cycloidem
1739 1960 1813 2073 pri-

420 2076 604 2173 mariam,
634 2077 764 2182 cujus,
797 2100 841 2158 ut
874 2098 919 2158 ut
939 2071 1262 2173 transcendentis,
1294 2076 1471 2159 ordinata
1492 2102 1621 2161 tamen
1652 2078 1701 2160 ad
1729 2074 1818 2161 sub-

419 2216 645 2305 tangentem
673 2194 863 2275 rationem
890 2192 1008 2277 habet
1035 2220 1130 2304 pure
1157 2191 1435 2303 algebraicam,
1467 2222 1552 2277 eam
1591 2189 1666 2276 scil.
1700 2224 1817 2307 quam

421 2310 579 2396 obtinet
597 2303 748 2393 abscissa
766 2308 817 2393 ad
841 2310 1068 2427 applicatam
1096 2310 1225 2392 circuli
1240 2311 1447 2423 genitoris,
1474 2336 1516 2393 ut
1530 2336 1668 2395 notum
1689 2314 1755 2396 est.

423 2496 428 2504 .
483 2426 561 2513 Sed
590 2428 815 2512 revertimur
849 2425 900 2509 ad
931 2454 1087 2511 curvam
1118 2428 1315 2526 nostram,
1346 2430 1453 2535 cujus
1491 2428 1682 2512 notabiles
1708 2420 1818 2541 quas7

423 2544 515 2629 dam
540 2545 791 2657 proprietates
816 2538 1035 2627 recensuisse
1062 2572 1143 2626 non
1177 2544 1245 2628 abs
1276 2572 1320 2627 re
1352 2544 1458 2636 erit;
1491 2544 1584 2629 ideo
1614 2539 1819 2657 praesertim

424 2660 537 2775 quod
563 2656 727 2745 summus
753 2656 1098 2748 Larumrlus
1130 2687 1242 2761 eam,
1272 2688 1297 2743 a
1326 2690 1396 2745 me·
1419 2660 1487 2775 ipsr
1516 2663 1643 2775 primo
1674 2688 1820 2773 propo-

425 2778 563 2878 stam,
594 2773 658 2860 sua
686 2780 944 2890 applicatione
974 2806 1217 2893 nequaquam
1247 2777 1445 2891 indignam
1475 2779 1693 2891 reputarit3
1726 2778 1822 2891 quin

424 2898 587 3011 potius,
620 2894 820 2981 occafione
850 2896 1005 2980 illorum
1035 2924 1120 3009 quae
1150 2890 1360 3009 superbae
1391 2896 1544 3011 aliaque
1573 2896 1731 2981 materia
1760 2921 1820 2977 re-

425 3040 600 3129 pertram
614 3018 653 3096 ut
675 3010 743 3125 ipfi
771 3006 1083 3127 prascrIpseram,
1123 3006 1202 3125 ipse
1232 3014 1353 3097 multa
1384 3014 1457 3095 alia
1486 3008 1580 3095 scitu
1611 3008 1822 3125 dignissima

425 3128 769 3230 animadverteret,
801 3156 1032 3329 mecumqule
1061 3128 1218 3212 vicilsrm
1248 3130 1563 3215 communicaret.

485 3234 703 3359 Applicitae
742 3241 863 3347 AG,
903 3240 950 3329 D
1019 3307 1033 3346 ,
1074 3240 1304 3359 subtangens
1345 3244 1475 3357 puniti
1517 3240 1580 3345 G,
1609 3248 1663 3327 ’δι
1694 3233 1797 3327 AD
1809 3256 1827 3341 ,“

413 3382 566 3453 ‘omnes
593 3367 694 3449 inter
724 3358 762 3448 se
794 3370 834 3448 δι
864 3358 1103 3477 subtangenti
1132 3358 1193 3449 Lo
1261 3362 1425 3446 ithmicae
1450 3355 1534 3445 sunt
1564 3362 1741 3564 aquales.

486 3480 609 3582 Item,
630 3482 744 3567 duaa
764 3510 814 3565 ex
838 3477 888 3567 H
908 3482 1097 3594 applicata
1119 3480 1170 3563 ad
1227 3480 1520 3594 ogarithmicam
1542 3474 1592 3565 H
1644 3485 1724 3581 ,δι
1751 3470 1826 3565 PR

370 3629 374 3636 ’
430 3602 609 3716 parallela
637 3598 707 3713 ipsr
741 3594 847 3685 HD
876 3592 1026 3685 secante
1056 3625 1211 3685 curvam
1240 3600 1281 3681 in
1312 3592 1388 3697 O,
1420 3600 1493 3681 erit
1523 3594 1620 3683 OR
1652 3596 1828 3683 omnium

422 3718 691 3804 'ordinatarum
721 3715 956 3817 brevissima,
986 3718 1029 3800 id
1058 3719 1135 3815 est,
1175 3718 1359 3828 pandum
1399 3692 1448 3801 Ο
1488 3716 1665 3799 omnium
1704 3734 1829 3798 curva

431 3841 660 3953 punctorum
689 3838 849 3921 minime
879 3835 991 3921 distat
1021 3836 1072 3921 ab
1101 3860 1173 3919 axe
1202 3828 1308 3919 DE.
1774 3844 1782 3859 '

392 4058 397 4061 Ι
489 3949 700 4039 Habemus
729 3956 847 4039 etiam
876 3955 1096 4068 generalem
1126 3950 1370 4056 methodum·
1386 3944 1598 4063 quadrandi
1633 3934 1829 4053 hujusmod

431 4074 476 4158 dl
504 4070 669 4185 figuras,
700 4100 818 4187 quam
856 4066 935 4183 ipse
975 4065 1352 4168 errs'rrros,
1393 4066 1485 4167 licet
1525 4069 1562 4153 ei
1592 4060 1830 4149 consimilem

433 4189 626 4275 iuvenerit
654 4216 725 4301 pro
755 4190 898 4302 ingenii
928 4218 1009 4301 quo
1046 4189 1171 4303 pollet
1196 4188 1394 4295 acumine,
1426 4184 1529 4269 haud
1559 4206 1688 4268 tamen
1720 4178 1832 4264 facile

432 4309 598 4393 obviarn
627 4302 702 4392 else
731 4308 835 4391 ultro
864 4308 1038 4419 agnovit.
1098 4301 1219 4392 Hanc
1249 4306 1403 4391 interim
1438 4301 1706 4388 animadverto
1727 4321 1832 4409 qua·

436 4426 630 4509 draturam
658 4452 734 4538 pra
763 4422 944 4509 omnibus
973 4425 1057 4509 aliis
1086 4424 1417 4523 memorabilem,
1461 4451 1574 4535 qua,
1603 4419 1674 4505 ob
1704 4414 1833 4497 curio*

414 4538 515 4635 sam
544 4536 677 4628 seriem
712 4568 792 4656 qua
820 4544 1075 4653 exprimitur,
1113 4541 1273 4629 mirifice
1304 4542 1447 4655 placuit
1473 4540 1562 4624 huic
1595 4534 1835 4625 Geometroe.

412 4660 614 4751 ‚sienim
644 4652 758 4764 AD,
791 4662 857 4747 vel
888 4654 1021 4760 DH,
1051 4660 1117 4747 vel
1146 4657 1244 4748 AG
1275 4678 1438 4745 vocetur
1479 4674 1527 4761 1',
1567 4656 1638 4740 erit
1674 4646 1837 4763 spatium
1892 4732 1897 4739 .

1358 4801 1373 4851 Ι

431 4820 712 4919 DAGOH
725 4822 959 4917 :asumma
971 4828 1083 4937 hujus
1104 4821 1211 4913 seriei
1227 4858 1243 4913 1
1260 4794 1835 4991 -Ξ-ί-Β-ξ-ὲψὲςάε.“

481 5000 507 5075 ⁴,
519 5000 657 5064 Videatur
682 5000 835 5063 demonstr.
861 5000 913 5063 N0.
942 4997 1155 5067 CXLVIII.
1186 5001 1272 5063 Tom·
1291 5000 1339 5066 ll

494 5164 602 5266 Ioan-
618 5160 799 5251 Banna
822 5158 944 5275 Opera
957 5173 1078 5264 amara
1105 5156 1281 5250 Toml.
1521 5156 1599 5253 Aa
1773 5143 1838 5255 ll,
