5500 6884
924 772 930 785 ·
1015 790 1105 897 '37⁶
1279 754 1532 897 uttxv.
1592 709 2226 873 uttourtr'uto

998 931 1161 1021 ¹dentiae
1194 932 1233 1013 dc
1268 924 1515 1013 retractionis.
1559 916 1659 1005 Vid.
1702 916 1867 1005 Trana.
1904 921 1950 1001 de
1988 917 2171 1020 Lumine,
2213 945 2304 1034 pag.
2347 950 2417 1031 40·

1019 1050 1361 1137 ennaremus
1391 1050 1433 1125 δι
1463 1037 1804 1126 Lnrnurrtus
1828 1032 1981 1122 inverso
2001 1038 2139 1127 ordine
2165 1041 2243 1122 hoc
2266 1068 2319 1123 ex
2351 1043 2418 1123 illo

1017 1168 1253 1281 probarunt,
1283 1160 1395 1275 quod
1416 1158 1561 1243 eodem
1591 1156 1749 1255 recidit,
1782 1148 1914 1255 [Vid.
1934 1153 2057 1267 Opera
2073 1150 2267 1241 Mathem.
2290 1154 2418 1243 FER-

1019 1306 1159 1371 ΜΑΤ.
1190 1311 1229 1393 p.
1254 1293 1360 1381 -158.
1392 1284 1432 1359 δι
1470 1274 1560 1361 Aet.
1590 1271 1706 1358 Erud.
1737 1301 1800 1357 an.
1839 1286 1944 1365 1682
1975 1303 2064 1387 pag.
2106 1286 2218 1376 185]
2255 1276 2416 1358 alterurn

1019 1405 1125 1487 enim
1150 1428 1217 1509 per
1239 1397 1403 1479 alterum
1441 1392 1640 1478 stabilitur.
1700 1385 1763 1475 At
1794 1418 1892 1475 vero
1920 1390 2038 1475 nobis
2067 1416 2299 1504 utrumque,
2343 1392 2418 1477 smt

1020 1514 1278 1629 supposrtione
1309 1513 1485 1610 alterius,
1522 1510 1827 1597 demonstratutt
1856 1508 2083 1620 &quidem
2110 1506 2161 1593 de
2185 1510 2326 1619 priori,
2352 1504 2418 1589 sci·

1019 1636 1111 1719 licet
1134 1632 1184 1717 de
1207 1631 1436 1744 angulorum
1461 1630 1622 1711 istorum
1641 1624 1960 1737 proprietatibus,
1984 1623 2027 1707 id
2049 1627 2129 1731 jam
2149 1625 2298 1738 liquet:
2317 1653 2417 1708 nune

1015 1748 1070 1835 de
1107 1751 1258 1846 altero,
1290 1775 1430 1856 nempe
1461 1744 1516 1840 de
1541 1743 1722 1827 facillima
1748 1741 1945 1825 radiorum
1977 1743 2043 1824 via
2071 1769 2190 1853 porro
2237 1743 2418 1855 liquebit.

1077 1862 1138 1953 Ex
1157 1866 1294 1947 staticis
1314 1885 1421 1972 patet
1440 1884 1613 1944 centrum
1632 1888 1839 1943 commune
1860 1860 2058 1972 gravitatis
2077 1858 2417 1968 ponderum'duo·

988 2010 1129 2095 xtum,
1161 1982 1401 2092 pluriumve,
1432 2003 1523 2062 tunc
1549 1974 1722 2061 infimum
1740 1972 1843 2074 effe,
1871 1973 2030 2087 quando
2055 1970 2199 2057 summa
2223 1981 2417 2088 tetrangu-

916 2186 918 2189 ,
1019 2101 1146 2185 lorum
1164 2093 1232 2180 sub
1252 2093 1489 2207 ponderibus
1512 2100 1552 2176 dc
1572 2089 1644 2177 suis
1665 2087 1870 2202 respective
1891 2092 2116 2175 distantiisa
2139 2085 2416 2201 suspenfionum

837 2308 1004 2380 o
1020 2202 2006 2419 tueintenderet-,lernen
2035 2202 2418 2419 rilinde

840 2394 992 2555 {1}pr
1023 2448 1072 2538 N
1102 2451 1142 2531 in
1169 2442 1328 2541 NBE,
1358 2444 1552 2529 auferatur
1575 2442 1784 2527 maximum
1809 2437 1865 2529 M
1888 2445 1928 2524 in
1956 2436 2064 2527 AM
2093 2448 2142 2531 ·l·
2165 2439 2215 2529 N
2238 2444 2279 2525 in
2299 2440 2416 2542 BN,
2515 2527 2516 2544 Ν

1021 2564 1236 2649 remanebit
1265 2555 1321 2645 M
1351 2564 1392 2643 in
1421 2552 1509 2645 ΑΕ
1532 2567 1581 2650 -l-
1598 2556 1648 2647 N
1675 2561 1715 2641 in
1737 2554 1816 2643 BE
1839 2560 2015 2642 omnium
2039 2562 2267 2643 minimum:
2299 2559 2415 2643 adeo
2515 2623 2516 2642 r

1018 2682 1160 2883 did
1178 2671 1452 2907 {iiiiii}
1469 2670 2321 2904 “ll‘'lilddldll‘l{ab}
2346 2704 2416 2875 Pi
2515 2825 2517 2902 ,

1291 2854 1300 2877 ⁸
1464 2854 1478 2893 a
2016 2853 2028 2890 a
2333 2854 2349 2895 ³

882 2970 887 2982 r
1018 2916 1096 3011 est,
1127 2906 1272 2996 summa
1294 2910 1490 2995 radiorum
1515 2908 1718 3023 incidentis
1744 2916 1785 2992 &
1809 2912 1941 2993 reflexi
1964 2913 2140 2993 omnium
2160 2912 2333 2993 minima.
2375 2906 2416 2993 ln

1021 3024 1233 3141 Dioptrica
1254 3058 1374 3128 vtro,
1403 3029 1470 3114 ubi
1493 3020 1549 3113 M
1573 3032 1614 3109 ὅ(
1637 3020 1687 3114 N
1711 3026 1820 3125 [vid.
1855 3024 1938 3135 Fig.
1957 3020 2049 3126 IL]
2077 3026 2297 3111 mediorum
2319 3022 2415 3109 rests·

1025 3150 1187 3246 tentias,
1218 3146 1401 3257 adeoque
1426 3139 1481 3230 M
1505 3147 1545 3227 in
1573 3138 1683 3241 ΑΕ,
1715 3150 1755 3225 &
1785 3140 1834 3230 N
1857 3144 1895 3225 in
1925 3138 2026 3242 BE,
2057 3145 2252 3228 radiorum
2273 3139 2414 3228 AE&

1024 3256 1103 3347 ΕΒ
1136 3262 1362 3374 penetrandi
1398 3260 1642 3345 difficultates
1668 3272 1784 3357 [nam
1816 3257 2016 3345 difficiles
2043 3262 2142 3344 radii
2173 3264 2415 3371 componitur
2515 3257 2516 3262 ‘

1024 3407 1075 3461 cx
1101 3377 1221 3460 medii
1242 3377 1445 3467 rtfistentia
1467 3384 1507 3459 dc
1531 3380 1602 3460 viae
1620 3375 2142 3488 longitudine,]ldenotant;
2168 3381 2241 3461 erit
2260 3376 2414 3461 difficul-

1025 3515 1087 3579 tas
1108 3522 1176 3603 per
1202 3488 1291 3577 ΑΕ
1315 3487 1449 3577 &EB
1471 3493 1646 3575 omnium
1668 3494 1855 3592 minima,
1879 3494 2016 3596 idest,
2034 3494 2162 3581 radius
2182 3495 2233 3579 ab
2252 3490 2297 3580 A
2318 3488 2416 3578 adB
2515 3491 2516 3510 ¹

1026 3639 1099 3724 per
1124 3636 1212 3693 eam
1238 3611 1342 3692 viam
1365 3610 1474 3693 venit
1498 3606 1691 3695 facillime.
1719 3612 1783 3722 Q
1807 3608 1855 3695 Ε.
1885 3610 1943 3694 D.
2515 3651 2517 3710 5

1088 3718 1143 3811 Et
1173 3726 1255 3811 hac
1288 3720 1366 3838 ipsa
1394 3727 1450 3810 est
1479 3726 1717 3837 proposrtio,
1748 3755 1865 3841 quam
1895 3723 1947 3815 H
1955 3749 2205 3845 uersutus
2234 3724 2416 3841 operose,
2515 3755 2517 3846 l

1028 3838 1097 3929 sed
1127 3842 1322 3957 operosius
1353 3843 1480 3926 multo
1514 3838 1878 3942 FERMATIUS,
1909 3872 1982 3928 nos
2010 3875 2132 3946 vero,
2163 3846 2286 3931 tribus
2318 3844 2419 3959 quali

1028 3962 1180 4061 verbis,
1208 3960 1563 4047 demonstravimus.
1605 3956 1668 4045 Illi
1691 3957 1747 4043 usr
1775 3956 1859 4044 sunt
1882 3963 2081 4047 vocabulo
2099 3973 2288 4075 temporit,
2311 3960 2418 4077 quod

1026 4077 1157 4171 radius
1179 4077 1368 4189 impendit
1390 4078 1441 4160 ab
1466 4074 1511 4161 A
1535 4074 1587 4159 ad
1609 4073 1670 4167 B;
1698 4079 1806 4184 cujus
1828 4080 1923 4161 loco
1940 4107 2014 4162 nos
2038 4078 2258 4191 hffceleatis
2277 4110 2418 4165 vocem
2515 4153 2516 4184 ,

1024 4194 1298 4283 aditibuimust
1321 4192 1433 4305 quod
1452 4193 1578 4277 studio
1600 4192 1739 4277 fanum
1751 4256 1765 4295 ,
1792 4221 1836 4277 ut
1855 4198 2003 4279 utrovis
2027 4198 2152 4282 modo
2185 4198 2419 4283 demonstra-

1024 4316 1088 4399 tio
1114 4308 1370 4425 procederet,
1403 4308 1481 4393 five
1509 4312 1549 4392 in
1579 4312 1753 4411 instanti,
1789 4310 1867 4397 five
1892 4308 2090 4400 firccelsrve
2123 4317 2253 4399 lumen
2278 4342 2417 4427 propa-

1026 4433 1108 4545 gari
1128 4432 1321 4513 statuatur.
1351 4423 1478 4515 Unde
1497 4428 1628 4511 nostro
1652 4428 1906 4516 fimdamento
1925 4456 2035 4515 tanto
2058 4436 2245 4540 majorem
2263 4430 2418 4517 firnrim

1023 4572 1108 4631 tem
1130 4546 1325 4632 conciliari
1350 4546 1598 4646 arbitramur,
1621 4546 1735 4659 quod
1762 4549 1800 4634 ei
1830 4551 1954 4632 statim
1989 4544 2283 4661 superstruatur,
2317 4552 2416 4635 nulla

1024 4668 1225 4775 peregrina
1245 4662 1450 4777 hypothesi
1482 4665 1522 4747 in
1545 4666 1728 4748 auxilium
1758 4691 1921 4766 vocata,
1947 4666 1990 4751 id
2013 4663 2156 4777 ipsum,
2179 4667 2292 4781 quod
2326 4669 2416 4763 alii,

1023 4804 1109 4865 non
1139 4803 1220 4862 tam
1247 4810 1296 4865 ex
1323 4782 1409 4893 ipsrs
1434 4781 1691 4867 firndamentis
1718 4778 1813 4879 suis,
1836 4812 1955 4897 quam
1985 4812 2217 4897 percorum
2248 4780 2418 4897 sequelae

1020 4894 1168 4980 alienas
1204 4902 1436 4981 &remotas
1467 4925 1667 4990 erueruntt
1698 4896 1923 4985 adsumentes
1951 4904 2127 5001 interim,
2166 4932 2217 4989 tx
2239 4900 2417 5016 phyfica,

1017 5012 1124 5118 hoc,
1148 5010 1216 5101 vel
1236 5011 1357 5115 illud,
1388 5013 1440 5099 de
1467 5044 1550 5130 quo
1578 5018 1628 5103 ab
1652 5017 1739 5104 aliis
1759 5009 1906 5133 semper
1925 5020 2178 5105 dubitabitur.

1023 5224 1027 5231 .
2059 5134 2155 5224 EX
2166 5130 2355 5275 Tulli
2367 5126 2412 5221 T
2515 5223 2516 5268 ÷
