5500 6884
844 3000 849 3007 .
980 2947 1074 3027 tus,
1105 2920 1250 3012 summe
1277 2928 1435 3026 bonus,
1459 2931 1527 3040 qui
1554 2926 1684 3014 saliere
1717 2935 1758 3012 δι
1786 2925 1867 3012 salli
1890 2955 1946 3011 ne

983 800 1071 886 αρε
1231 718 2232 908 murrnrrrnnrarro

980 949 1155 1044 'debitam
1184 951 1369 1064 mysteriis
1398 949 1504 1035 fidei.
1563 947 1666 1038 Non
1706 949 1812 1034 enim
1849 943 1965 1033 Deus
2003 942 2133 1033 srustra
2176 947 2374 1034 hominem

980 1069 1034 1156 ad
1058 1064 1112 1153 sui
1136 1072 1343 1182 imaginem
1366 1071 1538 1166 creavit,
1569 1094 1696 1180 neque
1727 1089 1771 1150 uc
1800 1065 2004 1148 brutorum
2034 1093 2169 1164 more,
2199 1067 2375 1150 abdicata

983 1187 1093 1272 omni
1110 1188 1283 1283 ratione,
1306 1186 1346 1267 in
1362 1186 1548 1268 incertum
1565 1187 1812 1281 induemus,
1834 1181 1901 1263 vel
1913 1181 2097 1265 machina
2118 1182 2376 1266 nosttaemotu
2497 1201 2498 1246 ¹

981 1303 1096 1390 unice
1124 1301 1176 1384 ad
1204 1299 1397 1414 agendum
1423 1303 1630 1412 rapiamur:
1659 1299 1746 1412 quis
1776 1292 1925 1382 insania
1945 1296 2040 1382 fines
2066 1296 2167 1382 adeo
2191 1297 2375 1395 excedat,

982 1445 1028 1504 ut
1044 1419 1179 1517 dicat,
1209 1418 1344 1503 nobile
1367 1417 1444 1500 hoc
1475 1418 1632 1500 rationis
1654 1417 1865 1511 talentum,
1890 1411 2000 1527 quod
2025 1409 2140 1498 Deus
2164 1414 2283 1499 nobis
2310 1414 2377 1496 de·

982 1532 1069 1634 dit,
1093 1558 1186 1618 tuac
1214 1561 1332 1646 quarn
1354 1535 1519 1616 maxime
1544 1528 1612 1616 sub
1638 1532 1815 1616 modium
1841 1525 2103 1641 sepeliendum
2125 1527 2228 1629 else,
2255 1556 2376 1642 quan-

982 1649 1040 1734 do
1072 1650 1123 1734 de
1153 1649 1267 1762 ipsius
1298 1645 1383 1734 Dei
1424 1656 1465 1734 δι
1493 1649 1605 1734 verbi
1634 1652 1715 1756 ejus
1745 1649 1972 1760 cognitione
1998 1647 2166 1759 agitur?
2227 1640 2375 1742 Cave,

981 1792 1110 1864 cave,
1133 1795 1191 1852 -ne
1225 1764 1426 1879 quondam
1453 1794 1477 1848 a
1513 1791 1553 1849 te
1582 1764 1704 1876 rigide
1743 1757 1828 1848 satis
1859 1763 2028 1847 rationes
2063 1764 2263 1874 exigantur
2297 1787 2375 1844 tarn

879 1943 883 1948 ‚
981 1885 1084 1968 male
1115 1884 1298 1968 collocari
1324 1884 1381 1964 tui
1411 1883 1557 1965 talenti.
1617 1879 1709 1966 Scio
1733 1907 1850 1991 quarn
1875 1881 2064 1977 maxime,
2092 1907 2167 1964 nec
2193 1905 2293 1990 opus
2322 1879 2375 1961 est

980 2023 1029 2084 ut
1058 2024 1240 2095 moneat,
1269 1998 1431 2108 plurima
1459 1995 1554 2094 else,
1578 2025 1664 2110 qua
1693 1990 1808 2094 Deus
1837 1997 1878 2079 in
1907 1995 2032 2080 verbo
2053 1988 2120 2080 suo
2134 1996 2251 2078 nobis
2264 2021 2373 2080 reve·

983 2115 1102 2214 lavit,
1120 2139 1274 2227 captum
1296 2115 1466 2196 nostrum
1488 2113 1667 2198 insinlties
1688 2107 1925 2224 superantia,
1955 2111 2083 2224 qualia
2095 2105 2180 2194 sunt
2199 2136 2374 2194 momen·

931 2335 935 2346 ἱ
981 2231 1158 2316 rosusrma
1185 2229 1279 2314 fidei
1309 2231 1434 2341 capita
1464 2227 1514 2313 de
1537 2227 1578 2314 S.
1608 2229 1648 2314 S.
1679 2225 1900 2326 Trinitate,
1926 2228 1977 2312 de
2000 2251 2138 2312 aterna
2159 2229 2373 2342 generatio-

980 2376 1034 2436 ne
1072 2346 1190 2448 Filii,
1227 2345 1279 2430 de
1306 2349 1393 2452 ejus
1428 2348 1723 2444 incarnatione,
1758 2344 1809 2430 de
1847 2347 2089 2450 restnreuione
2125 2369 2372 2439 mortuorum,

980 2471 1060 2550 ate.
1083 2465 1163 2550 hac
1185 2457 1271 2549 sane
1296 2461 1465 2562 credidi,
1498 2462 1640 2561 credo,
1667 2466 1708 2544 dt
1736 2463 1987 2574 pergratiam
2015 2455 2100 2545 Dei
2130 2455 2276 2574 semper
2297 2487 2372 2543 cre-

980 2577 1096 2678 dam,
1117 2581 1210 2692 quia
1230 2606 1278 2664 ea
1298 2581 1469 2666 revelate
1494 2579 1587 2662 mihi
1611 2577 1788 2690 dignatus
1812 2578 1887 2668 est;
1917 2577 2028 2690 quod
2050 2599 2181 2662 autem
2207 2575 2372 2673 credam,

981 2697 1143 2780 nonest
1165 2718 1299 2779 tonna
1323 2689 1449 2779 sanam
1471 2698 1683 2792 rationem,
1701 2721 1775 2778 nec
1788 2692 1865 2781 sne
1888 2695 2057 2785 rationet
2084 2722 2134 2778 eo
2166 2687 2246 2806 ipso
2272 2694 2374 2778 enim

980 2811 1094 2924 quod
1121 2805 1239 2897 Deru
1260 2810 1305 2897 st
1332 2838 1401 2897 ens
1425 2806 1569 2898 summe
1588 2809 1819 2924 perfeetum,
1845 2807 2025 3010 adcopue
2053 2810 2164 2923 quod
2185 2807 2229 2893 stt
2243 2807 2371 2918 :infini-

1961 2929 2037 3027 cit,
2064 2955 2188 3040 cogar
2217 2924 2268 3012 ad
2295 2953 2369 3010 cte·

981 3041 1155 3128 dendum
1174 3070 1413 3156 quacunque
1432 3045 1482 3128 ab
1500 3073 1568 3131 ore
1586 3049 1667 3154 ejus
1690 3041 1880 3130 infallibili
1896 3069 2142 3155 promanant,
2160 3045 2253 3128 licet
2269 3071 2371 3128 ment
2503 3121 2504 3142 ,

981 3159 1161 3260 humana,
1176 3185 1358 3274 tanquam
1380 3160 1499 3261 finita,
1524 3189 1667 3276 eaquae
1687 3160 1874 3248 infinitam
1896 3162 2187 3273 intelligentiam
2205 3163 2369 3273 require·
2503 3153 2504 3166 Ν

980 3268 1413 3390 rent-comprehendere
1444 3283 1484 3360 dt
1510 3275 1652 3390 assequi
1677 3306 1758 3362 non
1780 3275 1914 3386 possit.¹
1952 3273 2042 3387 Jtm
2066 3305 2184 3390 porro
2211 3279 2302 3390 quia
2323 3301 2369 3362 ex

978 3396 1129 3478 tatione
1157 3391 1349 3477 clarissime
1377 3392 1522 3492 video,
1559 3390 1697 3476 Deum
1730 3393 1826 3475 nibil
1852 3420 1925 3478 nec
1955 3392 2105 3480 efficere
2134 3424 2207 3482 nec
2245 3394 2370 3478 dicere

979 3506 1110 3624 posse,
1141 3507 1253 3620 quod
1274 3536 1363 3592 cunt
1384 3503 1447 3591 sua
1471 3506 1704 3619 perfectione
1731 3534 1899 3623 pugnet,
1929 3511 1996 3596 vel
2018 3513 2216 3596 minimam
2234 3514 2273 3595 in
2291 3503 2369 3622 ipso
2504 3521 2505 3528 ‘

980 3623 1279 3738 imperfectionis
1304 3646 1439 3709 notam
1461 3651 1620 3738 arguat,
1650 3619 1737 3710 sane
1759 3629 1876 3712 etiam
1903 3627 1944 3710 in
1964 3628 2148 3739 mysteriis
2171 3627 2261 3713 fidei
2288 3655 2369 3710 om·

979 3771 1050 3829 net
1072 3740 1395 3828 contradidiones
1417 3739 1541 3828 abesse
1573 3743 1742 3834 debentt
1768 3751 1810 3828 δι
1838 3745 2020 3828 hacona
2047 3745 2102 3828 esi
2129 3773 2177 3828 ex
2210 3741 2372 3856 gravilst·

978 3863 1052 3946 mis
1075 3858 1214 3960 causrs,
1245 3887 1311 3942 cur
1336 3861 1449 3971 primi
1476 3862 1593 3944 nostri
1612 3857 1906 3946 Reformatores
1929 3889 1977 3944 ex
1995 3857 2202 3971 Babylone
2222 3859 2371 3952 Rotna-

980 4000 1032 4059 na
1055 3998 1118 4060 tot
1140 3976 1508 4062 contradictionibus
1530 3971 1696 4061 scatente
1721 3976 1850 4088 egressi
1871 3977 2032 4062 fuerint:
2063 3973 2120 4062 Ita
2144 4003 2187 4062 ut
2215 3977 2373 4090 impium

979 4093 1047 4173 vel
1077 4118 1206 4178 mente
1238 4117 1391 4204 captum
1424 4095 1553 4203 potius
1579 4092 1815 4178 confiderem
1843 4095 1981 4194 illum,
2013 4097 2081 4207 qui
2111 4124 2159 4179 ex
2194 4095 2373 4206 mysterio

979 4207 1159 4293 revelata
1184 4207 1224 4293 S.
1245 4207 1285 4294 S.
1309 4205 1514 4295 Trinitatis
1541 4209 1773 4296 concludere
1790 4211 1934 4312 vellet,
1962 4211 2070 4323 quod
2100 4214 2139 4296 in
2166 4239 2245 4296 uno
2273 4203 2373 4294 Deo

978 4323 1052 4412 lint
1076 4347 1162 4408 tres
1196 4318 1303 4424 Dii,
1332 4328 1397 4410 vel
1426 4326 1536 4440 quod
1569 4331 1609 4412 in
1645 4356 1720 4412 una
1757 4324 1915 4442 persona
1956 4325 2025 4412 srnt
2063 4353 2139 4414 tres
2164 4321 2369 4442 personat

978 4465 1187 4555 utrumque
1206 4444 1312 4527 enim
1342 4469 1452 4556 aeque
1489 4439 1691 4530 absurdum
1721 4449 1797 4545 est,
1822 4448 1920 4560 quia
1951 4444 2184 4530 manifestam
2221 4469 2372 4528 contra-

979 4557 1191 4646 dictionem
1209 4559 1397 4644 involvit.
1428 4609 1433 4618 ·
1459 4558 1699 4674 Qtanquam
1717 4565 1832 4677 igitur
1849 4589 1982 4646 arcana
1997 4561 2094 4648 ‘fidei
2113 4587 2267 4675 captum
2286 4551 2372 4644 nos-

980 4661 1082 4757 tritm
1101 4677 1219 4792 longe
1246 4671 1445 4788 superent,
1471 4674 1563 4762 sana
1591 4703 1719 4764 tamen
1750 4682 1870 4764 menti
1893 4707 1972 4760 non
2003 4675 2266 4764 adversantur:
2293 4679 2372 4762 imo

978 4791 1167 4880 debemus
1193 4797 1259 4878 illa
1285 4795 1340 4877 uti
1366 4791 1417 4878 ad
1432 4788 1660 4900 ,suffocantia
1690 4791 1906 4904 hujusmodi
1931 4791 2138 4906 periculosa
2165 4787 2371 4890 deliria,si

977 4913 1066 5026 ¹quis
1088 4911 1270 5002 tenebrio
1296 4937 1344 4995 ea
1382 4913 1522 5003 exinde
1554 4909 1712 5002 absurde
1741 4911 1842 5002 adeo
1871 4913 2013 5004 elicere.
2038 4942 2266 5032 conareturt
2287 4935 2369 4990 tan

1533 5071 1536 5076 ·
2128 5106 2139 5120 ,
2169 5053 2215 5114 r.
2285 5051 2373 5114 tum
