5500 6884
694 753 1484 866 LECTOR'I.
1747 796 1885 867 xxm

410 995 632 1104 futurum
652 1023 710 1098 ut
738 1027 879 1098 aures
909 986 989 1098 vel
1012 985 1361 1101 delicatillrmae
1382 985 1625 1100 sermonis
1651 991 1887 1107 varietate

411 1188 511 1259 non
543 1141 936 1255 offenderentur.

480 1376 783 1528 Monendus
815 1454 865 1524 es
900 1453 1174 1560 praterea,
1219 1423 1408 1526 Lector
1446 1418 1719 1534 Amice,
1705 1459 1757 1526 m
1793 1421 1884 1536 usu

416 1567 1885 1720 characterumfignorumquealgebraicorumsecutoselle

414 1765 499 1834 nos
521 1727 623 1831 fere
651 1727 841 1868 semper
865 1717 1214 1834 Leibnr'tianum
1242 1761 1446 1834 morem
1465 1795 1480 1840 ,
1496 1765 1585 1872 qur
1574 1723 1885 1872 typothetis

416 1875 739 1987 commodior
768 1873 1485 2020 minuirerrandiperieulum3
1511 1879 1883 2026 quamobrem

419 2031 688 2176 aplurimis
714 2068 851 2137 nunc
870 2031 1145 2173 usurpatur.
1188 2041 1361 2178 ltaque
1385 2029 1740 2176 multiplicatio
1759 2073 1885 2152 uno,

413 2185 580 2294 divifio
608 2183 814 2292 duobus
837 2183 1039 2327 punctis
1066 2183 1364 2328 interpositis
1394 2219 1626 2292 notatur·
1615 2225 1883 2332 ‚-propor

413 2341 511 2455 tio,
549 2338 658 2446 haee
693 2337 832 2446 enim
867 2336 1129 2444 rationum
1160 2336 1413 2486 aequalitas
1453 2340 1544 2456 est,
1587 2270 1883 2488 aiqualiratis

413 2491 834 2642 fignoindieatur·
823 2528 956 2634 ‚pro
980 2487 1570 2608 vinculistamradicum,
1591 2532 1882 2640 quampro

415 2645 680 2762 duriorum
701 2678 1108 2792 autquotorum,
1125 2681 1239 2790 quae
1261 2641 1424 2751 olim
1411 2646 1608 2761 mcertis
1629 2645 1880 2754 linearum

416 2801 540 2943 super
566 2798 754 2906 litteras
781 2793 1021 2910 duetibus
1052 2796 1479 2940 exprimebantur,
1518 2799 1699 2908 reelius
1731 2801 1876 2922 unci,

426 2989 499 3059 aut
519 2948 822 3095 parentheses
845 2947 1182 3058 adhibentur·
1213 2951 1357 3098 quod
1383 2950 1586 3061 ulterius
1614 2991 1881 3094 exponere,

425 3141 531 3215 curn
550 3101 839 3256 pervulgata
869 3105 963 3270 srut
997 3103 1088 3210 δι
1074 3141 1177 3248 jam
1209 3101 1535 3224 usitatisfima‚
1568 3101 1692 3255 nihil
1716 3107 1880 3214 neces

413 3257 557 3368 secu

479 3539 762 3702 Caeterum,
788 3564 846 3636 ut
870 3526 1135 3638 emendare
1148 3529 1375 3674 prodiret
1390 3519 1561 3676 Opus,
1586 3565 1772 3680 quanta
1787 3529 1880 3642 ao·

411 3686 553 3794 lentes
577 3684 842 3830 potuimus
867 3681 1126 3834 diligentia
1150 3684 1491 3828 providimus.
1517 3683 1738 3792 maculas
1763 3725 1877 3794 non

408 3875 580 3983 paucas
606 3837 796 3987 quibus
825 3834 1052 3982 adspersae
1082 3837 1195 3946 sunt
1225 3837 1470 3946 editiones
1494 3839 1708 3984 priores,
1739 3835 1881 3946 dele-

406 3994 594 4104 vimus·
581 4032 741 4143 ‚quae
765 3989 1039 4102 oculorum
1065 3990 1227 4101 aciem
1259 3990 1533 4144 fugerunt,
1568 3989 1647 4101 vel
1678 3999 1880 4136 Opera

406 4147 596 4258 riorum
626 4147 822 4256 incuria
850 4147 978 4254 inter
1001 4083 1352 4253 excudendum
1377 4144 1582 4257 admissa
1603 4146 1711 4254 sunt
1731 4184 1878 4256 men

410 4301 492 4424 da,
534 4340 593 4410 ea
622 4335 680 4410 ut
707 4300 805 4448 ipse
830 4297 975 4412 tollas
1005 4337 1285 4452 rogamus:
1272 4297 1539 4421 Indices,
1569 4335 1673 4407 tam
1710 4297 1876 4442 Opus-

407 4455 632 4564 ctlorum
677 4453 995 4606 singulorum
1031 4490 1190 4602 quam
1235 4491 1403 4562 rerum
1436 4454 1489 4562 in
1535 4488 1653 4560 toro
1698 4460 1875 4598 Opere

412 4611 644 4755 praecipue
669 4609 1038 4732 notandorum,
1080 4641 1135 4717 ut
1170 4605 1496 4751 adjicerentur
1527 4607 1826 4721 curavimus

1745 4885 1871 4994 Tu,
