5500 6884
984 891 1070 993 308
1247 799 2168 987 *N⁰.L1V.DE‚SOL'1DO'
2262 805 2271 820 ¹

941 1139 946 1148 s
988 1048 1105 1158 eique
1143 1039 1279 1128 acriter
1318 1051 1360 1128 oc
1395 1045 1581 1130 tenaciter
1620 1038 1808 1128 inlraesilse.
1870 1039 1940 1128 An
1971 1069 2101 1130 autem
2147 1037 2391 1139 absolvisset,

986 1158 1155 1246 Relator
1193 1160 1411 1274 ignorabat.
1473 1156 1620 1260 Certe,
1666 1160 1693 1244 st
1733 1163 1898 1270 modestia
1928 1165 2117 1276 impedit,
2152 1192 2234 1275 quo
2267 1164 2392 1243 minus
2484 1231 2489 1250 ,

873 1279 877 1286 ’
987 1281 1075 1390 quis
1106 1273 1172 1364 sua
1199 1279 1358 1392 inventa
1387 1278 1532 1390 publici
1563 1280 1653 1388 juris
1684 1275 1822 1367 saciata
1855 1307 1973 1364 nemo
2005 1279 2153 1392 aliquid
2192 1283 2234 1362 in
2264 1277 2390 1388 publi-

990 1423 1077 1477 cam
1103 1394 1310 1481 utilitatem
1337 1395 1454 1482 edere
1477 1398 1644 1507 poterit,
1664 1395 1730 1478 nist
1748 1394 1996 1478 immodestus
2027 1393 2100 1506 ell'e
2116 1399 2223 1481 velit.
2258 1391 2391 1500 Qrod

844 1549 852 1561 ·
990 1510 1146 1595 sivero
1177 1541 1322 1596 nomen
1352 1513 1565 1625 exprimere
1586 1513 1769 1619 jactantia
1800 1508 1874 1596 else
1908 1513 2035 1611 ditat,
2068 1512 2276 1624 quidni&
2314 1503 2390 1618 ipse

812 1707 822 1724 ,
986 1621 1071 1709 suas
1099 1629 1386 1739 problematum
1408 1627 1665 1714 difficilimum
1688 1659 1802 1708 curva
1821 1639 2021 1718 catenaria,
2053 1633 2217 1726 velaria,
2239 1625 2387 1730 ifitrbru

990 1773 1058 1834 na,
1091 1745 1166 1839 &a
1198 1746 1455 1830 enodationes
1484 1751 1559 1829 dcc.
1590 1739 1896 1857 methodosque,
1923 1773 2018 1858 quas
2046 1744 2113 1827 diu
2143 1744 2331 1856 possidere
2354 1735 2389 1824 se

990 1859 1109 1961 dicit,
1139 1863 1300 1972 publico
1324 1864 1435 1946 bono
1462 1861 1701 1973 promulgat,
1729 1856 1917 1972 suppresso
1940 1856 2008 1944 suo
2031 1865 2218 1945 nomine?
2245 1857 2386 1965 Quan-

888 2016 895 2028 ·
994 1999 1078 2059 tum
1116 1975 1168 2060 ad
1203 1974 1324 2088 ipsas,
1356 2005 1452 2092 quas
1487 1977 1634 2078 edidit,
1683 1971 1919 2078 solutiones,
1964 1977 2187 2084 hujusmodi
2204 1971 2386 2060 ‘Proble-

993 2118 1116 2190 mata,
1151 2093 1282 2206 nostro
1306 2123 1417 2208 more
1446 2097 1623 2194 tractata,
1647 2095 1816 2192 nullum,
1844 2119 1910 2176 aur
1942 2094 2169 2205 perbrevem
2198 2092 2385 2176 calculum

991 2207 1297 2320 requisverunt,
1329 2236 1396 2294 aut
1415 2239 1475 2322 cx
1509 2205 1589 2294 sola
1614 2211 1943 2324 contemplatione
1964 2209 2117 2295 infinite
2153 2237 2383 2322 parvorum,

991 2323 1167 2407 adhibita
1195 2326 1363 2439 quadam
1389 2326 1643 2426 dexteritate,
1674 2334 1874 2411 fluxerunt.
1937 2323 2092 2410 Calculi
2122 2355 2244 2426 vero,
2286 2351 2385 2439 quor

949 2541 956 2546 ᾖ
988 2441 1178 2540 instituit,
1205 2441 1419 2553 admodum
1445 2437 1529 2526 sunt
1558 2445 1755 2555 perplexis
1788 2471 1887 2554 quos
1914 2467 1957 2526 ut
1980 2443 2257 2539 examinarem,
2280 2469 2304 2524 a
2326 2467 2386 2525 me

987 2555 1193 2668 impetrare
1220 2554 1301 2641 tlon
1325 2561 1450 2671 potui.
1512 2555 1721 2644 Problema
1766 2559 1894 2644 Curva
1918 2561 2030 2663 solidi
2056 2570 2207 2642 minima
2234 2560 2385 2667 ressten-

987 2681 1043 2754 tiae
1065 2698 1184 2756 vocat
1207 2677 1326 2787 magis
1349 2677 1476 2760 arduae
1508 2672 1801 2790 disquisitionis,
1830 2703 1945 2788 quam
1976 2673 2184 2760 Problema
2211 2680 2384 2758 celerrimi

988 2789 1189 2897 desceaastrss
1213 2785 1280 2874 sed
1303 2793 1381 2876 tale
1400 2793 1473 2876 sitit
1493 2789 1972 2891 DUILLE‘Rlosorte,
1999 2795 2067 2905 qui
2092 2793 2296 2905 genuinam
2310 2787 2382 2876 sol·

989 2904 1120 2990 vendi
1140 2907 1371 2991 methodum
1402 2938 1483 2992 non
1527 2910 1709 2996 habebat.
1770 2903 1869 2993 Hoc
1900 2911 2003 2998 enirn
2032 2906 2240 2994 Problema
2269 2933 2383 2991 tanta

988 3018 1181 3104 facilitatis
1204 3022 1479 3135 deprehend0,
1501 3049 1545 3110 ut
1569 3027 1619 3110 ad
1641 3031 1722 3136 ejus
1747 3019 1976 3111 solutionem
2004 3026 2111 3110 nullo
2137 3019 2286 3139 prorsus
2308 3025 2379 3108 cal·

989 3141 1081 3222 culo
1109 3136 1224 3223 fiterit
1249 3141 1344 3223 mibi
1364 3171 1498 3254 ,opusr
1533 3171 1621 3230 nam
1650 3145 1778 3227 charta
1801 3149 1841 3226 δι
1867 3145 2015 3227 calamo
2039 3141 2261 3240 destitutus,
2279 3148 2320 3226 dt
2342 3144 2380 3224 in

988 3251 1089 3338 ledo
1142 3254 1402 3359 decumbens,
1440 3255 1555 3342 solius
1585 3261 1866 3376 imaginationis
1901 3290 1978 3376 ope
2010 3261 2176 3373 plenarie
2202 3259 2245 3342 id
2271 3252 2378 3342 solvi.

989 3367 1859 3578 sasslrrunulralllira·
1875 3375 2380 3578 lirunmrlru

800 3583 879 3660 ωε·
895 3599 921 3642 ¹·
987 3609 1138 3705 tentia,
1170 3607 1197 3689 st
1233 3632 1437 3690 moveatur
1466 3603 1672 3692 secundum
1704 3523 1989 3722 plagamqipstus
2010 3613 2090 3694 axis
2116 3605 2231 3695 BM.
2329 3609 2380 3690 lo

987 3751 1120 3811 menta
1147 3724 1420 3833 applicatarum
1447 3717 1562 3811 NM
1591 3730 1853 3839 concipiantur
1876 3723 2049 3812 divisain
2075 3753 2198 3840 partes
2219 3725 2380 3838 aequales

839 3911 844 3916 .
987 3841 1117 3942 NR,
1152 3837 1271 3929 RP:
1305 3841 1374 3923 lint
1396 3837 1523 3946 NL,
1553 3838 1632 3928 LF
1652 3845 1731 3927 duo
1754 3849 1944 3930 elementa
1964 3874 2087 3929 curvat
2116 3839 2380 3955 respondentia

989 3959 1192 4047 elementis
1223 3955 1346 4058 NR,
1388 3955 1506 4045 RP:
1541 3959 1773 4070 producatur
1801 3959 1890 4050 RL
1931 3964 1981 4045 ad
2014 3959 2084 4061 O,
2122 3964 2176 4044 ita
2207 3985 2249 4044 ut
2288 3955 2379 4042 LO

988 4077 1138 4162 infinite
1155 4103 1316 4186 parvum
1349 4073 1393 4156 fit
1421 4070 1589 4186 respectu
1618 4073 1716 4163 RL.
1761 4074 1901 4162 Duuis
1940 4077 2075 4178 ΝΟ,
2116 4075 2231 4178 FO,
2265 4079 2381 4176 erit,

991 4223 1041 4278 ex
1062 4219 1194 4275 natura
1222 4186 1417 4289 Mami,
1460 4193 1663 4276 refistentia
1695 4197 1736 4278 in
1772 4191 1928 4280 Zonam
1952 4227 1999 4282 ex
2030 4195 2279 4280 converfione
2304 4193 2383 4276 ele-

991 4312 1114 4396 menti
1145 4337 1267 4392 curvae
1289 4305 1419 4394 NLF
1456 4309 1599 4422 (quod
1622 4337 1665 4394 ut
1686 4313 1780 4395 duas
1808 4316 1969 4400 lineolas
1996 4319 2112 4397 rectas
2153 4307 2267 4408 NL,
2306 4305 2382 4396 LF

956 4426 961 4435 ’
992 4426 1222 4524 considero,
1251 4425 1268 4532 )
1300 4425 1438 4509 latiam
1479 4431 1633 4541 aequalis
1658 4429 1868 4518 refistentiae
1901 4436 1941 4515 in
1971 4429 2128 4518 Zonam
2148 4461 2195 4513 ex
2217 4455 2383 4512 conver·

991 4545 1100 4631 stone
1123 4543 1350 4628 lineolarum
1380 4539 1513 4639 ΝΟ,
1555 4541 1672 4648 OF,
1704 4547 1884 4662 adeoque
1913 4549 2115 4632 resistentia
2144 4545 2270 4632 Zona
2288 4539 2382 4632 NL

994 4699 1062 4716 -
1084 4663 1197 4746 resrsl.
1266 4655 1393 4746 Zona
1425 4657 1535 4748 ΝΟ
1557 4689 1626 4727 =
1654 4663 1864 4750 resistentia
1898 4661 2022 4750 Zonae
2057 4663 2144 4752 FO
2171 4705 2240 4720 --
2268 4661 2380 4746 relisi.

994 4775 1119 4863 Zone
1150 4774 1237 4864 FL.
1286 4777 1388 4888 'Jam
1411 4807 1537 4880 uero,
1568 4773 1723 4866 assumta
1751 4779 1954 4894 hypothesi
1981 4785 2204 4884 communi,
2234 4809 2311 4895 qua
2342 4783 2382 4860 δι

988 4890 1042 4986 N
1050 4916 1330 4988 EWTONUs
1369 4898 1489 4983 utitur
1519 4927 1559 5010 p.
1600 4928 1680 5008 325
1720 4895 1825 5013 seqq.
1861 4898 1894 4975 ἢ
1928 4899 2107 4988 nimirum
2136 4898 2381 5099 resrslenqpm

2278 5043 2305 5099 o
2334 5014 2381 5100 ti-

1076 5141 1095 5180 *
1112 5140 1183 5212 l’hu
1201 5141 1301 5213 Natu.
1323 5143 1446 5230 truria
1469 5145 1609 5219 rurum
1626 5146 1689 5224 Lib.
1712 5150 1752 5228 ll.
1768 5145 1841 5218 Stis.
1862 5148 1923 5220 vu.
1940 5149 2021 5232 Prop.
2046 5170 2095 5234 34.
