5500 6884
561 683 1473 820 nrrrrorncrrurunr.
1671 703 1867 850 sss„

350 911 454 1001 erico
481 903 578 999 GC
600 913 699 998 inter
722 939 834 1000 axem
859 911 906 1004 X
919 911 963 1000 A
985 919 1283 1034 prolongatum,
1314 923 1354 1006 ἃ
1376 947 1531 1008 curvam
1550 913 1668 1034 ipsam
1690 921 1753 1007 in-.
1792 1008 1796 1014 ,

349 1052 552 1144 tercepto,
584 1060 720 1117 omnes
746 1061 913 1146 namque
932 1035 991 1118 isti
1015 1065 1123 1122 arcus
1148 1033 1231 1122 sunt
1256 1041 1355 1124 inter
1380 1033 1418 1124 se
1448 1042 1643 1154 aequales,
1670 1063 1712 1122 ut
1732 1060 1751 1139 ,'

349 1149 533 1262 inquam,
561 1151 641 1234 haec
667 1146 807 1264 spiralis
827 1147 986 1236 describi
1009 1153 1148 1266 possit,
1180 1157 1220 1239 in
1248 1157 1382 1242 medio
1408 1185 1491 1241 non
1518 1156 1745 1244 resistentes

349 1261 472 1366 dice,
492 1269 634 1380 requiri
656 1271 738 1352 vim
759 1271 1008 1380 centripetam
1031 1299 1115 1384 quae
1138 1271 1181 1354 fit
1200 1275 1240 1355 in
1263 1274 1450 1383 triplicata
1478 1276 1627 1358 ratione
1650 1271 1748 1356 reci·

347 1404 470 1494 proca
492 1383 762 1469 distantiarum.
822 1379 922 1469 Hoc
945 1385 999 1470 ita
1021 1382 1057 1470 se
1085 1387 1228 1472 habere
1255 1415 1335 1473 non
1360 1384 1464 1474 secus
1493 1419 1539 1472 ac
1563 1394 1602 1472 in
1623 1383 1745 1500 spirali

347 1499 639 1612 Iogarithruica,
670 1499 782 1592 facile
813 1503 940 1617 quivIs
973 1531 1043 1617 per
1071 1506 1242 1620 regulam
1268 1506 1435 1594 nostram
1459 1507 1686 1621 comperiet.

891 1710 1183 1808 LXVII.

405 1925 555 2046 Neque
577 1933 654 2018 hoc
674 1927 758 2018 satis
790 1937 864 2026 estr
891 1933 981 2019 dico
998 1958 1200 2048 preterea,
1219 1963 1300 2021 non
1318 1960 1466 2021 tantum
1482 1929 1647 2017 infinitas
1669 1923 1743 2018 eise

344 2073 506 2148 curvas,
538 2077 623 2163 quae
651 2054 887 2162 reciprocam
916 2053 1107 2136 rationem
1129 2053 1357 2164 triplicatam
1389 2050 1648 2134 distantiarum
1667 2077 1741 2160 pro

342 2161 433 2278 lege
454 2165 592 2250 virium
625 2165 852 2266 admittant,
882 2163 948 2251 sed
968 2175 1006 2251 δι
1025 2198 1074 2252 ex
1096 2192 1256 2282 utraque
1280 2194 1479 2253 curvarum
1512 2162 1642 2263 classe,
1672 2163 1741 2248 vel

341 2283 475 2392 potius
511 2311 559 2367 ex
589 2309 718 2368 earum
743 2283 898 2368 duobus
922 2279 1073 2368 summis
1096 2285 1323 2398 generibus,
1354 2312 1495 2392 nempe
1524 2306 1603 2363 tarn
1633 2281 1740 2392 alge-

341 2397 556 2484 brai'carurn
574 2428 691 2516 quarn
722 2396 1092 2501 transcendentium,
1132 2396 1328 2515 suppetere
1358 2397 1538 2511 quasdam
1566 2392 1711 2508 species
1723 2456 1737 2496 ,

340 2517 519 2626 quamvis
544 2515 813 2602 diuersissimas.
856 2515 953 2602 Sunt
989 2519 1092 2602 enirn
1123 2516 1319 2631 quadam,
1347 2514 1399 2600 ad
1436 2542 1597 2627 quarum
1629 2505 1736 2597 cons·

340 2635 572 2718 truiiiontm
600 2636 802 2748 requiritur
834 2636 1071 2746 comparatio
1103 2634 1287 2718 linearum
1316 2631 1504 2714 circularis
1534 2635 1574 2713 &
1602 2632 1734 2717 reiiaes

340 2745 517 2858 quedam
543 2749 646 2845 aliae,
678 2779 762 2861 quae
796 2745 1011 2860 supponunt
1049 2752 1377 2862 comparationem
1406 2772 1575 2830 arearum
1603 2745 1736 2828 circuli

339 2867 381 2944 δι
415 2863 660 2974 hyperbolaer
692 2864 867 2974 quaedam
891 2865 1029 2961 etiarn,
1054 2865 1122 2948 ubi
1148 2891 1254 2948 arcus
1288 2863 1486 2947 circulares
1514 2857 1640 2946 secum
1669 2859 1731 2941 in-
1834 2899 1838 2904 ·

337 2978 467 3066 vicem
497 2981 747 3090 comparandi
777 2979 967 3070 veniuntr
1000 3003 1116 3093 atque
1148 2981 1246 3064 inter
1274 2981 1369 3078 has,
1415 2975 1525 3091 quod
1555 2975 1728 3074 mireris,
1771 3062 1773 3065 ,

338 3097 544 3180 Innumeros
577 3093 713 3179 dantur
742 3089 890 3207 prorsus
920 3095 1164 3208 algebraicae‚
1196 3097 1315 3208 magis
1345 3089 1543 3205 minusque
1564 3097 1725 3204 compo-

337 3207 435 3310 sitae,
467 3221 505 3295 δι
525 3211 575 3295 ad
596 3215 771 3325 quemvis
802 3211 1046 3298 dimensionis
1075 3209 1235 3328 gradum
1279 3207 1551 3296 ascendentes:
1584 3211 1646 3291 eui
1676 3200 1729 3290 as·

336 3319 438 3413 serto
469 3352 512 3413 ut
538 3328 656 3414 fidem
677 3328 840 3428 faciam,
873 3328 1030 3414 docebo
1051 3329 1113 3412 hic
1141 3353 1313 3412 naturam
1338 3329 1472 3409 harum
1503 3353 1728 3425 curvarum,

335 3471 409 3556 pro
451 3445 590 3558 quibus
633 3447 759 3556 segem
789 3447 929 3530 virium
968 3449 1292 3556 centripetarum,
1335 3473 1414 3553 ope
1449 3437 1760 3554 Theorematis·

335 3555 566 3670 Mryvraeani
596 3557 703 3672 supra
734 3560 1003 3660 demonstrati,
1034 3563 1198 3672 quilibet
1227 3559 1337 3642 facile
1364 3561 1558 3651 inveniet,
1582 3583 1636 3636 ac
1665 3556 1728 3636 vi-

335 3675 447 3772 debit
476 3707 561 3762 earn
592 3676 735 3761 eodem
765 3677 888 3760 modo
914 3673 955 3759 se
985 3675 1127 3760 habere
1154 3699 1197 3756 ur
1219 3676 1258 3756 in
1277 3673 1426 3774 duabus
1449 3667 1642 3781 spiralibus
1664 3669 1727 3752 lo·

334 3793 560 3903 garithmica
577 3801 617 3878 dt
647 3775 910 3905 hyperbolica.
944 3789 1171 3900 Qromodo
1201 3819 1297 3874 vero
1327 3789 1377 3871 ad
1405 3783 1564 3898 ipsarum
1592 3810 1724 3866 curva·

335 3935 418 3991 rurn
443 3912 707 4020 cognitionem
732 3939 794 3993 me
824 3909 1070 4022 perduxerint
1100 3907 1235 3993 calculi
1263 3905 1455 4017 integralis
1482 3927 1585 3988 certa
1616 3927 1726 3998 coms

335 4021 476 4133 pendia
505 4027 600 4111 mihi
625 4025 779 4128 usitata5
810 4054 890 4110 non
920 4028 974 4109 est
1004 4027 1115 4134 hujus
1143 4025 1223 4112 loci
1253 4048 1295 4108 ut
1325 4023 1528 4137 explicem.

862 4230 1194 4321 LXVIII.

391 4443 493 4534 Ecce
535 4447 686 4535 Interim
726 4475 924 4544 curvarum
968 4451 1116 4536 illarum
1159 4479 1207 4536 ex
1247 4475 1400 4536 arcuum
1437 4448 1725 4562 comparatione
1761 4525 1789 4592 Τ
1799 4527 1887 4592 ΑΒ,

333 4563 579 4650 universalem
608 4569 945 4654 construciionem:
979 4565 1053 4652 Per
1076 4595 1245 4654 centrum
1275 4569 1435 4664 virium,
1469 4569 1578 4682 quod
1610 4569 1652 4648 fit
1684 4569 1723 4650 in
1741 4573 1869 4674 χχηζ

333 4679 405 4778 X,
438 4681 557 4766 dustae
587 4689 694 4768 resine
725 4713 795 4796 pro
826 4715 901 4770 axe
922 4680 1146 4772 ¹inservienti
1186 4683 1230 4771 X
1241 4681 1282 4767 A
1314 4709 1476 4796 agatur,
1518 4686 1721 4770 intervallo
1769 4697 1831 4770 rig.
1850 4709 1879 4764 r·

333 4801 555 4897 arbitrario,
587 4802 763 4912 parallelo
793 4799 903 4892 ZG;
947 4801 1036 4885 dein
1068 4828 1200 4887 centro
1243 4798 1288 4886 X
1332 4796 1526 4916 descriptis
1562 4803 1721 4885 arcubus

387 4916 489 5020 Joan.
504 4915 687 5006 Bernoullr'
711 4918 831 5033 Opera
848 4931 966 5006 omnia
984 4913 1109 5008 Tom.
1124 4915 1155 5006 I.
1275 4911 1355 5006 Aa
1377 4946 1435 5027 aa
1554 4945 1721 5023 ‚conterre
