5500 6884
395 837 569 937 ΝΟΜ,
583 822 1058 935 AENOTJNSOLUP.
1069 823 1678 922 mmmoffluou.
1693 857 1772 952 263
1802 835 1805 842 ’

396 1055 481 1108 mus
503 1031 542 1108 ὰ
560 1003 852 1111 Gmerofissrmus
877 999 963 1086 Dn.
991 998 1331 1110 D1ERQuuNs
1361 1001 1497 1092 Pr'aeses
1524 1011 1563 1092 in
1596 1007 1776 1126 supremo

398 1137 522 1224 Curia
549 1125 766 1225 Babantina
791 1150 876 1234 quae
900 1117 1012 1230 Hugae
1038 1122 1123 1218 est,
1145 1116 1223 1204 Vir
1244 1125 1417 1204 acerrimi
1439 1125 1572 1231 judicii
1597 1134 1701 1213 &in
1725 1132 1776 1214 h'a

395 1255 526 1342 studiis
546 1237 813 1335 etsatissnnus,
838 1263 912 1319 una
936 1263 1024 1318 cum
1047 1233 1146 1322 Filio
1168 1234 1449 1338 Nobilissrmo‚
1481 1236 1776 1330 Mathematicis

395 1351 764 1482 paritersngeniosos
787 1350 1118 1466 quemadmodum
1131 1382 1180 1437 ex
1202 1347 1369 1465 ipsorum
1385 1355 1519 1440 litteris
1539 1359 1588 1441 ad
1607 1391 1670 1446 me
1693 1390 1774 1448 non

394 1487 471 1571 fine
489 1476 758 1567 assedamento
777 1469 961 1553 intellexi.
1024 1464 1127 1554 Haec
1145 1498 1242 1552 vero
1265 1497 1352 1553 mea
1370 1463 1666 1560 Demonstratio
1689 1474 1779 1588 syn·¹

392 1602 527 1690 thesea
539 1650 553 1688 ‚
578 1617 662 1700 quoe
688 1613 769 1671 non
794 1586 834 1667 in
858 1581 1242 1683 Galilaanatantum,
1266 1581 1392 1670 sedin
1419 1592 1526 1672 omni
1554 1591 1626 1676 alia
1647 1593 1775 1705 hypo-

392 1707 499 1805 thesi,
520 1700 709 1801 succedit,
734 1704 813 1809 jam
836 1702 948 1784 initio
971 1703 1094 1782 statim
1117 1703 1243 1785 lucem
1261 1703 1455 1812 publicam
1477 1702 1694 1818 aspexisset,
1715 1712 1774 1792 ni·

389 1817 534 1917 fisuasu
553 1818 788 1904 celeberrimi
811 1811 985 1907 [ΜΒΝ
993 1837 1106 1902 1T11
1129 1842 1216 1900 eam
1239 1819 1450 1904 etiamnum
1475 1817 1700 1935 suppressam
1714 1850 1772 1910 te-

303 2005 308 2010 .
384 1965 542 2037 nerem,
561 1959 605 2019 ut
634 1937 712 2041 jam
726 1934 820 2016 alibi
843 1932 1001 2017 memini
1025 1958 1088 2017 me
1117 1930 1329 2019 monuisse:
1350 1964 1403 2020 eo
1430 1941 1535 2023 enim
1561 1965 1775 2052 tempore,

381 2085 464 2170 quo
495 2050 613 2136 incidi
638 2052 678 2132 in
701 2046 907 2134 Problema
934 2046 987 2134 de
1022 2049 1221 2137 celerrimo
1243 2045 1448 2154 descensu,
1480 2058 1558 2162 jam
1590 2057 1774 2146 adinveni

381 2175 479 2257 hanc
505 2167 879 2264 demonstrationem.

442 2282 660 2381 Ceterum,
678 2281 705 2368 fi
724 2309 857 2366 verum
877 2285 930 2367 esl
947 2279 1115 2364 Fraetrem
1135 2282 1374 2368 celerrimum
1394 2282 1611 2373 descensum
1626 2289 1677 2374 ad
1689 2319 1772 2374 rec-

330 2467 338 2486 .
382 2431 462 2490 tam
473 2401 661 2518 posstione
686 2395 842 2497 datam,
864 2427 946 2483 non
968 2393 1092 2483 solum
1108 2403 1148 2482 in
1163 2395 1448 2519 Cycloidibus,
1476 2399 1540 2488 sed
1562 2411 1602 2488 de
1626 2408 1665 2490 in
1686 2435 1772 2488 om-

384 2523 496 2606 nibus
513 2518 636 2602 curvis
659 2515 868 2614 mullibus,
891 2515 1145 2600 determinare
1171 2512 1299 2627 posse,
1323 2519 1389 2602 vel
1409 2523 1539 2630 potius
1562 2545 1645 2604 tum
1672 2546 1772 2608 tem-

383 2638 487 2750 poris
505 2629 692 2747 potuisse,
718 2659 805 2715 cum
826 2631 903 2714 hoc
924 2628 1131 2716 Problema
1150 2658 1411 2744 proponerets
1436 2631 1529 2720 scire
1555 2637 1669 2720 valde
1690 2633 1772 2750 ges·

385 2755 465 2853 tio,
488 2749 583 2864 quid
598 2750 663 2834 illa
684 2748 803 2831 verba
825 2746 894 2830 srbi
919 2749 1062 2846 velint,
1087 2750 1126 2830 in
1146 2777 1232 2861 qua:
1254 2751 1444 2861 erumpit:
1476 2756 1557 2863 Qui
1571 2755 1779 2838 methodum

383 2874 427 2952 de
451 2877 621 2950 maximis
646 2865 693 2959 ἀ
711 2872 871 2946 minimis
882 2889 1095 2974 promovere
1115 2868 1236 2962 volet,
1262 2863 1427 2952 tentabit.
1487 2865 1603 2952 Nobis
1618 2869 1780 2979 stffciet

374 2974 1774 3208 sssssssusssslrlsslsl‘rsssss‘sssssslq”uss

381 3216 475 3301 dem
494 3215 549 3299 est
564 3241 610 3296 ac
628 3211 772 3298 diceret
788 3205 826 3296 se
843 3236 924 3295 non
946 3205 1114 3299 solvisses
1142 3211 1224 3292 imo
1243 3208 1466 3298 difficultate
1483 3213 1588 3328 quasi
1609 3215 1770 3310 deterri·

381 3357 464 3416 tum
485 3359 535 3414 ne
555 3326 709 3415 tentasse
735 3326 907 3438 quidem.
952 3323 1161 3438 Qsicquid
1180 3324 1246 3426 stt,
1266 3327 1385 3438 longe
1405 3333 1526 3438 majus
1548 3331 1645 3441 quid
1661 3327 1771 3444 praes-

381 3444 510 3532 titillet
517 3508 532 3548 ,
556 3445 585 3529 si
606 3439 770 3528 solvisset
792 3469 952 3553 quoque
978 3444 1019 3524 in
1038 3441 1163 3525 curvis
1181 3438 1444 3528 dissrmilibus:
1474 3467 1623 3546 tentet,
1647 3455 1688 3530 δι
1710 3449 1768 3534 vi·

381 3563 493 3649 debit
520 3555 739 3646 immensam
769 3557 1053 3656 difficultatem,
1081 3562 1121 3640 δι
1148 3556 1215 3640 vel
1246 3559 1287 3642 in
1312 3553 1402 3642 solis
1432 3555 1636 3675 Ellipsrbus
1663 3559 1772 3676 supet

382 3678 524 3763 eodem
555 3707 627 3762 axe
657 3673 856 3773 extrudis,
884 3673 1100 3786 quodiam
1128 3668 1215 3755 Non
1234 3686 1371 3759 nemini
1396 3673 1614 3790 proposui„
1648 3673 1773 3767 Meus

381 3791 556 3879 solvendi
584 3787 723 3878 modus
745 3816 797 3874 eo
815 3792 1009 3902 pertingit.
1068 3783 1164 3876 Nec
1196 3794 1320 3875 minus
1346 3821 1428 3876 rem
1463 3791 1576 3906 spinis
1606 3795 1768 3878 obfitam
1899 3773 1903 3792 ⁸

382 3907 545 4012 sentiet,
568 3909 596 3994 fi
620 3909 766 4022 reliqua
788 3905 869 3988 duo
888 3905 1065 4018 exempla
1076 3965 1091 4005 ,
1113 3932 1198 4017 quae
1215 3907 1305 3993 stne
1333 3909 1660 3992 demonstratione
1682 3905 1766 3990 sub-

381 4031 527 4127 nedit‚
551 4054 576 4110 a
602 4020 769 4110 Circulis
790 4027 829 4107 δι
854 4015 998 4110 Curvis
1016 4021 1199 4110 smilibus
1213 4022 1264 4108 ad
1283 4020 1433 4139 quasvis
1450 4023 1640 4113 dissimiles
1652 4016 1770 4108 trans-

379 4142 477 4230 sene
494 4144 673 4228 voluerit.

442 4253 620 4347 Transeo
638 4263 717 4366 jam
732 4251 784 4340 ad
805 4248 1015 4342 solutiones
1027 4251 1318 4345 Problematum
1332 4285 1507 4344 meorum
1521 4257 1560 4343 in
1579 4255 1770 4371 lspbemer.¹

383 4373 480 4460 Gar.
504 4377 614 4482 mertfi
633 4374 735 4486 Aug.
771 4390 893 4479 1697.
915 4373 943 4424 'l
968 4373 1265 4484 propositorum.
1325 4375 1457 4488 Quod
1482 4379 1647 4489 primum
1672 4402 1768 4461 con·-

384 4496 527 4591 cernit,
553 4493 798 4606 conqueritur
822 4491 945 4572 statim
966 4487 1096 4570 Frater
1117 4488 1168 4575 de
1189 4493 1441 4606 ambiguitate
1467 4495 1506 4574 in
1519 4520 1620 4575 voce
1625 4520 1767 4599 geome-

382 4621 492 4692 erice:
518 4638 604 4694 cum
622 4609 750 4696 tamesi
766 4611 844 4716 jam
862 4632 981 4690 nemo
1008 4601 1171 4706 nesciat,
1202 4637 1283 4694 non
1303 4611 1398 4693 mihi
1417 4603 1486 4692 soli
1508 4607 1683 4705 dudum,
1700 4603 1767 4690 sed

381 4729 501 4812 etiam
532 4725 739 4812 acutissuno
770 4720 1106 4827 Luam-rso,
1134 4725 1217 4812 imo
1243 4724 1376 4841 &ipsi
1406 4722 1532 4815 Fratri
1557 4725 1767 4838 geometri-

1551 4940 1554 4945 .
1677 4865 1767 4948 §sun

470 4951 726 5044 immissi
