5500 6884
1021 819 1109 904 30⁶
1140 842 1145 851 -
1226 793 1307 885 tt.
1337 784 1465 881 tut.
1496 783 1819 877 auctuum·
1850 785 1948 874 aa
1973 721 2269 896 mutatu.

1019 971 1131 1058 famis
1156 963 1274 1050 aeus
1296 963 1447 1046 monita
1468 959 1600 1044 omnia
1624 949 1757 1072 susque
1783 953 1914 1070 deque
1944 956 2087 1058 habet,
2118 989 2236 1074 quem
2259 963 2353 1046 ali'as
2370 957 2430 1047 so-

899 1144 901 1149 ,
1020 1090 1082 1176 lus
1112 1080 1274 1168 infamia
1302 1103 1428 1172 metus
1460 1103 1484 1160 a
1515 1099 1676 1189 peccato
1700 1074 1893 1159 liberaret.
1955 1069 2046 1160 Has
2079 1071 2337 1166 CHRISTI
2370 1109 2425 1166 re·

1021 1205 1128 1320 gulas
1157 1196 1279 1284 sanae
1303 1191 1552 1282 observarunt
1577 1191 1688 1305 ipfius
1711 1186 1906 1306 discipuli,
1943 1193 2013 1305 qui
2043 1191 2175 1280 fratres
2198 1193 2315 1298 suos,
2348 1225 2426 1282 non

963 1381 971 1403 t
1021 1322 1178 1438 publice
1210 1311 1483 1428 corripiendo,
1519 1309 1786 1408 traducendo,
1827 1301 2134 1421 proscindendo,
2160 1312 2293 1398 lucrati
2315 1308 2424 1416 suna,

1023 1440 1276 1549 nullumque,
1304 1432 1373 1545 qui
1404 1427 1669 1532 heterodoxiae
1700 1419 1883 1539 suspectus
1916 1420 1953 1510 se
1982 1429 2140 1540 publice
2165 1431 2423 1544 explicare&

1023 1569 1185 1673 purgate
1209 1551 1359 1648 voluit,
1394 1549 1675 1656 interruperunt
1709 1548 1750 1630 bt
1786 1543 2009 1646 turbarunt,
2050 1547 2146 1658 quin
2181 1573 2316 1634 conna
2348 1550 2424 1634 leti

1022 1674 1189 1758 maxime
1212 1693 1235 1751 a
1266 1659 1476 1778 suspicione
1505 1663 1710 1748 liberatum
1738 1661 1879 1774 apertis
1900 1661 1999 1746 ulnis
2039 1661 2281 1776 eucepilsent.
2341 1661 2425 1751 Erit

1013 1781 1145 1874 *forsan
1172 1814 1268 1868 unus
1291 1782 1357 1866 vel
1379 1781 1496 1880 alter,
1521 1781 1584 1864 cui
1605 1772 1822 1886 hujusmodi
1852 1777 2097 1879 admonitio,
2123 1806 2169 1864 ut
2186 1789 2227 1865 δε
2253 1777 2424 1895 superio·

1024 1934 1065 1991 ra
1090 1905 1245 2000 omnia,
1275 1893 1501 2011 nouusque
1527 1923 1681 2009 quaque
1706 1892 1952 1995 arridebunt,
1972 1924 2091 2008 quem
2117 1899 2229 2008 proin
2259 1903 2421 2010 pruritus

883 2030 887 2034 ’
1025 2047 1159 2107 contra
1197 2012 1427 2102 scribillandi
1457 2013 1636 2098 facillime
1671 2010 1855 2096 invadere
1885 2015 2055 2124 potetit;
2091 2007 2168 2098 scio
2192 2016 2296 2098 enim
2324 2020 2418 2102 mul-

1025 2163 1088 2223 tos
1117 2134 1214 2234 effe,
1246 2136 1425 2248 quicum
1461 2133 1574 2214 aliam
1605 2123 1877 2214 inclarescendi
1902 2131 2006 2242 viam
2036 2157 2117 2212 non
2150 2132 2344 2235 habeant,
2380 2135 2416 2217 in

1023 2256 1166 2370 quovis
1195 2254 1389 2334 mustaceo
1412 2249 1622 2333 laureolam
1650 2269 1848 2360 quaerunt:
1881 2243 1960 2330 Sed
1979 2245 2164 2359 quicquid
2192 2248 2269 2334 hoc
2295 2249 2417 2335 modo

1023 2371 1237 2484 prodierit,
1272 2363 1361 2451 sciat
1384 2369 1465 2473 ejus
1484 2359 1659 2462 Auctor,
1684 2392 1748 2447 me
1766 2390 1848 2454 non
1870 2365 1989 2475 magis
2012 2361 2053 2445 id
2075 2389 2289 2448 curaturum
2305 2395 2419 2480 quam

1024 2489 1052 2570 st
1088 2477 1281 2569 canis'mt
1308 2477 1538 2566 allatralsett
1572 2475 1688 2564 semel
1731 2481 1835 2564 enim
1873 2481 2135 2564 innocentiam
2181 2509 2306 2566 meam
2345 2487 2418 2568 toti

1026 2601 1173 2686 mundo
1198 2594 1408 2710 exposuisse
1430 2625 1602 2710 eamque
1625 2625 1694 2709 per
1720 2595 1913 2707 publicam
1939 2591 2254 2706 Disputationem
2285 2601 2411 2684 vindi·

1025 2715 1143 2816 calle,
1168 2713 1322 2800 abunde
1344 2713 1439 2796 mihi
1466 2707 1622 2797 sufficit:
1656 2714 1848 2826 reliquum
1870 2713 2076 2823 temporis,
2111 2714 2222 2826 quod
2240 2714 2335 2799 mihi
2361 2711 2418 2801 su·

1024 2836 1169 2947 ptrest,
1198 2833 1338 2916 melius·
1356 2826 1567 2916 collocasse.-
1579 2831 1752 2942 putabo,
1778 2827 1826 2928 fi,
1855 2853 1898 2911 ut
1928 2829 2128 2928 hactenus,
2151 2833 2206 2914 ita
2228 2860 2348 2943 porro
2369 2861 2416 2917 ex

1025 2975 1106 3034 arte
1137 2945 1365 3041 nobilitlima
1393 2973 1509 3060 quam
1535 2945 1722 3058 profiteor
1750 2945 1904 3060 aliquid
1919 2946 2015 3030 novi
2041 2947 2214 3060 utileque
2232 2950 2272 3030 in
2292 2951 2416 3034 lucem

1025 3061 1210 3164 emisero,
1242 3061 1415 3177 quamsi
1455 3058 1605 3152 miseras
1633 3059 1895 3147 nasutulorum
1939 3067 2036 3148 rixas
2070 3063 2145 3148 stne
2176 3063 2253 3149 line
2289 3091 2417 3152 retun-

1025 3182 1158 3268 dendo
1178 3183 1310 3264 oleum
1342 3185 1383 3262 dc
1409 3207 1568 3293 operam
1597 3180 1822 3292 perderemt
1857 3181 1911 3266 eu
1945 3183 2048 3264 enim
2081 3180 2191 3290 hujus
2212 3177 2329 3266 seculi
2366 3183 2415 3266 la·

1023 3301 1094 3386 bes
1118 3298 1294 3413 quadarn
1322 3303 1363 3378 δι
1384 3300 1532 3380 macula
1551 3297 1683 3380 virtuti
1705 3295 1904 3379 invidere:
1928 3291 2001 3379 sed
2014 3296 2210 3406 pulchrum
2234 3301 2289 3381 est
2312 3299 2419 3382 invi--

984 3455 1003 3466 ’
1023 3418 1166 3503 dorum
1184 3413 1468 3498 criminationes
1494 3439 1656 3522 purgare
1681 3409 1831 3493 morum
1862 3413 2106 3513 innocentia,
2134 3419 2174 3496 δι
2193 3409 2263 3498 suae
2295 3416 2415 3500 virtu·

1022 3537 1072 3622 tis
1094 3531 1275 3642 exemplo
1303 3528 1467 3613 aliorum
1486 3529 1583 3610 vitia
1611 3527 1728 3613 etiam
1758 3527 1925 3614 tacendo
1955 3555 2174 3642 coarguere.

1251 3701 1647 3794 Auuuaa
1701 3700 2180 3814 euastata.

1066 3879 1102 3952 t·
1123 3876 1326 3967 Quicunque
1351 3870 1498 3944 blaterat
1512 3921 1536 3957 ‚.
1566 3893 1622 3963 pet
1648 3868 1873 3962 experimenta
1898 3892 2023 3960 nupera
2044 3893 2063 3941 a
2084 3895 2137 3942 me
2162 3869 2353 3945 solemniter
2372 3873 2413 3944 ‘in

1022 3978 1137 4050 Chora
1162 3975 1294 4068 Templi
1314 3970 1524 4054 Academici,
1550 3969 1609 4041 ubi
1633 3969 1759 4060 reliqua
1779 3966 1932 4038 exercitia
1949 3967 2140 4041 Academica
2164 3971 2274 4064 peragi
2296 3970 2411 4058 solent,

1021 4073 1192 4158 instituta,
1218 4071 1397 4164 Templum
1416 4069 1481 4139 Dei
1497 4063 1587 4138 fuilse
1601 4064 1837 4160 profanatum:
1855 4065 1907 4151 is,
1931 4085 1989 4136 aut
2012 4089 2122 4138 arente
2135 4087 2250 4162 captus
2265 4068 2331 4155 est,
2359 4069 2415 4141 aut

1020 4169 1116 4246 suum
1140 4173 1175 4241 in
1201 4194 1261 4242 nos
1281 4167 1459 4258 nostraque
1485 4165 1589 4237 studia
1613 4165 1728 4236 odium
1755 4167 1787 4236 aa
1813 4163 2080 4235 malevolentiam
2103 4168 2241 4260 turpiter
2262 4169 2386 4260 prodit.

1067 4273 1112 4346 11.
1140 4270 1343 4360 Qticunque
1351 4262 1519 4358 improbat
1535 4261 1785 4359 generositatem
1800 4260 1921 4336 Illustr.
1940 4265 1972 4334 &
1988 4265 2186 4356 Ptaepotent.
2213 4268 2255 4337 D.
2280 4267 2326 4337 D.
2345 4269 2410 4340 Or·

1017 4372 1135 4444 dinam
1158 4366 1322 4441 summam
1347 4364 1521 4458 pecuniae,
1549 4389 1609 4458 pto
1631 4360 1820 4434 coemendis
1840 4359 2070 4438 Instrumentis
2099 4365 2409 4454 experimentatibra

1017 4466 1316 4562 suppeditandum,
1341 4464 1368 4533 is
1391 4463 1546 4556 indignus
1572 4461 1618 4532 est
1643 4461 1700 4552 qui
1725 4463 1854 4534 Eorum
1877 4457 2040 4532 beneficio
2068 4454 2221 4548 fruatur,
2244 4463 2408 4536 &haben-

1017 4568 1077 4639 dus
1102 4567 1148 4639 est
1173 4591 1234 4660 pto
1258 4561 1497 4659 imperitissimo
1523 4557 1716 4632 Misomuso.

1065 4665 1126 4737 ΙΙΙ.
1153 4665 1307 4738 Potentia
1331 4667 1364 4736 ἃ
1386 4658 1540 4756 sapientia
1565 4659 1629 4731 Dei
1655 4683 1697 4730 ex
1722 4657 1813 4730 nulla
1834 4682 1869 4729 re
1889 4651 2068 4728 senlibiliut
2093 4671 2206 4750 patet,
2232 4682 2343 4750 quam.
2363 4683 2403 4730 ex

1014 4766 1295 4857 contemplatione
1313 4771 1466 4854 ⁴opetum
1493 4759 1584 4852 ejus,
1623 4762 1655 4830 aa
1693 4781 1793 4829 nemo
1828 4781 1865 4826 ea
1903 4755 2020 4826 melius
2047 4757 2262 4850 contemplati
2297 4755 2402 4850 potest

1013 4890 1112 4956 quam
1130 4859 1389 4952 Philosophus&
1407 4858 1679 4940 Mathematicus,
1707 4855 1888 4945 quieotum
1902 4873 2054 4925 naturam
2069 4850 2296 4945 perscrutatur.
2323 4853 2403 4928 Risu

1012 4963 1112 5056 igitur
1129 4957 1205 5030 sunt
1225 4955 1422 5052 dignillimi,
1449 4959 1505 5048 qui
1525 4953 1763 5048 Philosophiam
1778 4955 1807 5024 ἅ
1823 4943 2349 5046 Μετὴείῑιηῑεηῑοροτῒάεήάεηῑ
2370 4957 2402 5026 dt

1007 5057 1203 5146 nubilant,
1223 5075 1384 5149 tanquam
1394 5055 1520 5132 nullam
1540 5054 1700 5146 habereut
1716 5053 1892 5132 utilitatem
1907 5050 1944 5128 in
1959 5049 2058 5130 rebus
2073 5051 2298 5133 momentana.

1609 5203 1623 5212 -
2248 5159 2410 5248 excerpta·
