5500 6884
638 819 802 910 nn
843 773 1511 951 'uurnrrrouu'
1706 861 1792 961 305

467 1064 473 1070 .
966 988 1014 1078 Χ
1038 989 1086 1080 Χ
1110 991 1131 1079 Ι
1153 993 1213 1082 X.

445 1126 569 1244 Spero
597 1127 759 1212 liberam
788 1127 888 1213 banc
906 1155 1034 1216 meam
1058 1129 1319 1218 defenfionem
1342 1139 1383 1218 &
1414 1136 1640 1242 justissimam
1673 1135 1787 1246 injus·

382 1246 520 1334 tissime
551 1246 646 1328 milri
675 1247 869 1359 imputata
906 1246 1173 1335 heterodoxiae
1199 1248 1462 1362 depulsionem
1498 1256 1571 1365 piis
1604 1257 1786 1342 omnibuS
1805 1253 1823 1342 'r

386 1371 429 1446 ac
452 1367 569 1478 aequis
586 1359 780 1470 judicibus
807 1389 856 1448 ex
886 1359 962 1449 asse
995 1360 1288 1466 satisfacturam,
1321 1371 1545 1482 neminique
1576 1369 1784 1484 displicitu-

383 1508 488 1580 ram,
521 1479 592 1564 nili
614 1481 682 1591 qui
700 1477 861 1564 liberam
899 1509 1041 1566 vocem
1066 1486 1283 1569 innocentis
1319 1487 1452 1572 audire
1478 1491 1628 1572 metuit.
1689 1485 1814 1574 Silui,

382 1597 475 1698 diu,
505 1596 725 1710 cogitabam
752 1600 856 1682 enim
879 1625 967 1682 cum
994 1595 1259 1701 Crcrnour,
1291 1604 1401 1715 quod
1427 1617 1560 1713 magna
1589 1614 1653 1688 vis
1682 1616 1783 1689 vert-

380 1726 497 1814 tatt's,
526 1745 601 1827 qua
628 1737 752 1796 contra
779 1713 962 1797 bominum
987 1726 1153 1825 ingenia,
1177 1723 1410 1802 calliditatem
1424 1782 1436 1820 ,
1445 1725 1655 1828 solertiam,
1698 1755 1805 1818 can-¹
1916 1787 1923 1794 .

379 1857 509 1944 traque
523 1836 637 1941 filias
664 1839 823 1914 amnium
847 1833 992 1940 infidias
1006 1837 1123 1941 facile
1133 1836 1180 1938 sc
1200 1862 1268 1947 per
1280 1837 1325 1944 se
1354 1838 1465 1947 affirm
1490 1843 1667 1948 defindat.
1699 1840 1780 1927 Sed

381 1949 571 2033 srlentium
607 1953 648 2030 dc
681 1950 907 2059 patientiam
941 1979 1069 2036 meam
1106 1953 1203 2035 vicit
1234 1955 1508 2040 nonnullorum
1540 1951 1780 2056 uiolentia,

378 2067 450 2180 qui
482 2065 584 2150 male
625 2063 811 2149 obrutum
849 2060 1066 2156 resuscitant
1095 2069 1338 2169 incendium,
1372 2073 1441 2183 qui
1477 2103 1540 2156 me
1576 2101 1775 2184 nunquam

377 2177 502 2264 visum
544 2175 751 2282 accusant,
790 2189 829 2264 dt
872 2211 1068 2296 nunquam
1111 2186 1286 2269 auditum
1325 2189 1602 2274 condemnant.
1658 2187 1775 2277 Bone

373 2294 524 2385 Deus!
558 2297 680 2410 qualis
713 2296 951 2412 procedendi
987 2300 1166 2387 modus?
1203 2302 1391 2388 danturne
1431 2300 1499 2388 sub
1527 2302 1608 2390 sole
1635 2331 1774 2418 gentes

371 2442 456 2500 tarn
488 2415 679 2513 barbarae,
712 2445 796 2528 quat
837 2446 920 2501 non
946 2440 1081 2504 curent
1112 2422 1245 2504 tritum
1276 2419 1397 2518 illud,
1428 2425 1515 2504 audi
1544 2423 1589 2516 ό·
1618 2427 1770 2504 theram

363 2540 556 2646 partem?
593 2527 733 2616 Alitne
774 2535 870 2617 tales
904 2537 1159 2618 monstrorum
1193 2533 1298 2620 ferax
1341 2535 1490 2650 Libya,
1528 2539 1593 2622 vel
1625 2539 1769 2624 inculta

375 2648 551 2736 Americae
575 2651 719 2730 accidua
746 2647 924 2756 adjacens
954 2649 1191 2762 Califhrnia?
1220 2653 1290 2736 ubi
1317 2655 1499 2738 candor?
1537 2655 1605 2738 ubi
1626 2647 1759 2738 Chris·

372 2767 479 2849 tiana
509 2766 712 2850 charitas?
745 2765 871 2882 posito
908 2796 971 2852 me
999 2763 1169 2869 errasse,
1201 2773 1340 2855 erranti
1371 2773 1412 2854 in
1455 2766 1670 2882 disputandi
1703 2797 1767 2855 ca-

372 2883 460 2967 lore
479 2882 643 2966 verbum
671 2880 873 2984 excidisse,
898 2884 1010 2998 quod
1033 2911 1115 2969 non
1150 2910 1242 3000 apte
1273 2886 1458 3000 quadrett
1504 2889 1609 2974 itane
1640 2889 1765 2972 statim

369 2998 514 3084 annue
548 2999 871 3110 interpretandum
902 3005 1021 3084 etat?
1048 3004 1150 3085 itane
1182 3005 1357 3113 protinus
1379 3031 1448 3116 per
1471 3003 1617 3116 plateas
1649 3001 1765 3087 curst-

366 3113 556 3209 randum,
589 3114 900 3206 declamandum
935 3115 1022 3199 rudi
1057 3119 1245 3228 popello,
1278 3119 1342 3201 cui
1372 3120 1453 3202 alte
1486 3141 1643 3204 manent
1677 3113 1762 3202 ves·

367 3234 466 3345 rigia
489 3227 680 3344 impressa,
711 3227 1036 3344 persuadendum,
1062 3261 1126 3318 me
1148 3232 1435 3319 heterodoxum
1458 3231 1567 3321 esse?
1604 3258 1764 3320 tantane

370 3347 558 3460 tragoedia
578 3347 801 3432 adornanda
826 3344 1032 3434 &summa
1056 3350 1141 3432 imis
1165 3348 1473 3437 confitndenda?
1506 3347 1638 3460 Quod
1666 3350 1693 3434 sr
1718 3349 1762 3437 id

367 3463 542 3549 fecerunt
566 3495 616 3550 ex
643 3465 817 3550 fervente
845 3467 998 3578 pietatis
1027 3468 1154 3566 zelo,
1196 3465 1306 3580 quod
1341 3467 1369 3550 st
1404 3465 1490 3579 ipsis
1521 3465 1763 3580 propositum
1831 3539 1836 3544 .

370 3580 478 3682 sitit,
518 3582 652 3664 omnia
684 3581 948 3667 heterodoxia
979 3576 1120 3668 semina
1160 3581 1356 3669 evellendi
1392 3589 1432 3668 &
1468 3583 1759 3676 conculcandie

366 3701 430 3804 eja
459 3705 470 3781 l
501 3723 617 3810 quam
652 3697 755 3784 bene
787 3695 928 3781 saelum
954 3701 1039 3798 est,
1072 3725 1267 3812 quamque
1298 3699 1572 3787 laudabiliter:
1613 3702 1760 3784 habent

366 3843 442 3926 pro
460 3813 537 3896 hoc
554 3808 608 3896 sat
625 3841 806 3928 magnum
826 3809 1007 3930 pensum,
1022 3813 1231 3930 salinguam
1249 3821 1290 3899 &
1303 3817 1498 3901 'calamum
1517 3809 1624 3899 suurn
1641 3843 1759 3898 acue-

364 3959 410 4016 re
427 3929 630 4044 dignantur
643 3955 776 4015 contra
788 3955 851 4014 tot
863 3933 1125 4018 haereticorum
1136 3933 1278 4031 libros,
1299 3961 1400 4047 quos
1409 3955 1453 4014 ut
1461 3928 1628 4016 totidem
1641 3931 1758 4042 lupos

366 4048 474 4134 ovile
501 4033 644 4132 Chriili
669 4045 885 4133 infestantes
910 4051 1067 4160 impune
1089 4051 1129 4132 in
1149 4048 1297 4134 mundo
1319 4048 1590 4162 circumvagari
1603 4049 1756 4160 patiun-

362 4188 441 4250 rm.
501 4162 582 4250 Sed
602 4165 684 4249 aliae
707 4165 782 4247 viae
805 4167 937 4276 praesto
961 4161 1045 4249 sunt
1076 4164 1129 4248 ad
1150 4163 1304 4250 fratrem
1331 4159 1439 4256 suurn
1459 4164 1756 4279 corrigendum

364 4285 454 4367 ovis
481 4281 587 4366 enim
616 4281 794 4365 aberrans
813 4281 994 4394 recolligi
1020 4280 1140 4366 debet
1158 4311 1240 4367 non
1265 4280 1450 4397 deglubi,
1485 4283 1562 4367 hoc
1584 4279 1754 4368 officium

362 4399 421 4482 est
450 4397 547 4481 boni
578 4397 748 4509 pastoris.
817 4392 1093 4482 ‘Obseruando
1129 4391 1213 4482 sum
1251 4399 1357 4513 leges
1391 4401 1612 4498 charitatis,
1689 4423 1758 4481 uas

361 4509 664 4601 CHRIsTus
687 4506 899 4627 prascripstt
918 4507 1054 4598 Math.
1076 4510 1246 4601 XVIII:
1281 4548 1355 4621 15,
1387 4549 1452 4630 22.
1478 4511 1573 4600 Luc.
1600 4427 1752 4602 Xlsll:

360 4664 406 4731 a,
428 4661 470 4740 4.
504 4628 598 4719 Nec
617 4631 672 4714 est
696 4627 807 4744 quod
830 4628 1177 4742 dican-peccatum
1198 4632 1353 4744 publice
1374 4626 1613 4715 commissum
1634 4631 1754 4718 etiam

362 4735 519 4858 publice
548 4746 688 4858 corripi
715 4747 888 4835 debere:
924 4749 994 4861 qui
1019 4749 1124 4832 enim
1153 4751 1365 4832 amicorum
1390 4749 1547 4861 privatis
1570 4747 1756 4860 objurga-

353 4864 535 4948 tionibus
559 4892 640 4947 non
673 4857 890 4964 auscultat,
927 4863 1089 4977 publicis
1118 4863 1293 4978 profecto
1320 4863 1676 4979 reprehensionibus
1708 4869 1750 4948 δι
1902 4947 1908 4954 .

359 4981 537 5083 uiolenta
565 4980 809 5091 castigatione
832 4980 957 5065 multo
980 4982 1104 5066 minus
1130 4982 1421 5080 emendabitur,
1445 4985 1536 5095 quia
1560 4977 1745 5074 semelin-

410 5098 525 5217 Joan.
545 5093 867 5216 numeramur
882 5109 1004 5192 omnia
1032 5093 1159 5213 Tem.
1182 5093 1273 5239 I.=
1395 5096 1504 5216 Qq
1688 5089 1746 5198 fau⁸

2030 4967 2052 5051 xix
