5500 6884
994 827 1080 910 aar
1120 802 1220 902 m.
1248 802 1334 896 ιιι
1364 767 1771 894 annornm
1793 797 2328 896 ruronunrounr

993 1039 1023 1082 ,‚
1037 982 1078 1064 iu
1107 975 1258 1063 duabus
1279 977 1587 1090 aquationibus,
1617 1000 1694 1060 una
1717 975 1943 1060 continente
1970 971 2201 1060 relationem
2220 974 2321 1060 inter
2335 1007 2387 1069 x,

992 1120 1075 1211 „yg
1109 1095 1407 1180 &constantem
1432 1093 1626 1208 quandam
1654 1095 1835 1176 incurva
1863 1087 2195 1201 postiemum,
2226 1084 2293 1178 sed
2318 1123 2389 1206 pto

992 1270 1024 1317 „
1038 1211 1195 1299 diversas
1222 1211 1363 1306 talibus
1401 1211 1609 1298 ordinatim
1649 1207 1749 1294 datis
1787 1206 2011 1293 variabilem
2040 1204 2088 1298 br
2115 1207 2235 1292 altera
2264 1212 2390 1296 conti·

995 1387 1026 1433 „
1039 1354 1159 1418 nente
1174 1328 1359 1416 valorem
1378 1328 1492 1442 ipsrus
1520 1332 1589 1442 dy.-
1621 1328 1673 1410 dx
1702 1329 1743 1410 in
1764 1351 1879 1408 curva
1904 1322 2079 1437 quaesua,
2111 1321 2322 1434 expressum
2342 1357 2391 1413 ex

994 1449 1276 1561 „proprietate
1303 1445 1675 1560 perpendicularium
1703 1444 1743 1527 in
1773 1467 1890 1526 curva
1920 1437 2112 1552 politione
2141 1438 2251 1533 datar
2285 1447 2391 1556 cujus

935 1644 940 1650 .
995 1624 1028 1668 ,,
1041 1564 1269 1678 aequarionis
1297 1592 1399 1680 ope,
1431 1562 1543 1648 datur
1572 1558 1683 1674 ipsrus
1711 1557 1734 1642 b
1763 1559 1874 1642 valor
1902 1585 1972 1670 per
2000 1560 2055 1674 dy,
2088 1561 2152 1650 ede,
2176 1589 2215 1669 y,
2246 1591 2286 1652 x,
2319 1589 2391 1677 pro

995 1709 1083 1784 „re
1111 1705 1230 1773 natat
1261 1708 1426 1794 quarum
1455 1679 1614 1764 duarum
1643 1676 1903 1790 aquationum
1933 1701 2012 1787 ope
2042 1673 2221 1762 tollendo
2242 1673 2266 1756 b
2278 1737 2293 1778 ,
2324 1679 2390 1761 ha·

995 1800 1154 1904 „betur
1175 1800 1343 1909 aquatio
1373 1795 1633 1882 differentialis
1663 1794 1775 1906 pn'mi
1804 1791 1942 1904 gradus
1971 1819 2044 1904 pro
2073 1793 2261 1878 relatione
2294 1795 2390 1880 inter

995 1975 1026 2016 „
1039 1947 1090 2017 x,
1121 1921 1162 1998 &
1185 1946 1224 2026 y.
1283 1911 1349 1998 Sic
1379 1913 1406 1998 sr
1433 1913 1625 2026 positione
1646 1909 1855 1994 ordinatim
1881 1905 1980 1991 darre
2001 1907 2071 1992 stnt
2095 1904 2292 1994 Parabolae
2305 1940 2391 1998 vct-

997 2090 1027 2133 ‚‚
1041 2033 1128 2117 ticis
1154 2031 1396 2130 communis,
1427 2057 1587 2143 quarum
1617 2023 1951 2139 semiparametrib
1972 2021 2041 2109 fiet
2056 2053 2155 2139 aequ.
2184 2024 2390 2143 abx==yp

995 2206 1026 2250 „
1039 2149 1131 2259 Jatn
1159 2176 1210 2233 ex
1239 2147 1466 2232 conditione
1495 2142 1792 2244 Problematis,
1830 2136 1894 2226 seu
1923 2141 2308 2255 perpendicularitate
2344 2141 2391 2228 ad

995 2324 1026 2368 ,,
1040 2264 1293 2364 Parabolam‚
1325 2261 1653 2377 fitbz-ydx:
1673 2263 1740 2375 dyc
1763 2257 1868 2346 unde
1888 2258 2124 2361 tollendob,
2139 2259 2392 2376 iit-axydx

932 2495 938 2515 ·
995 2440 1026 2598 :3
1039 2386 1226 2607 nith:
1250 2374 1315 2580 l?
1329 2377 1571 2584 filulis?
1584 2407 1980 2609 §sigilinae
2004 2375 2393 2580 {hillidii

995 2670 1027 2714 ‚,
1042 2610 1236 2726 positione
1262 2613 1369 2697 datas
1398 2611 1638 2698 manifestum
1673 2613 1727 2696 est
1761 2609 1919 2696 vicillint
1945 2637 1969 2694 a
2002 2606 2192 2696 Parabola
2225 2639 2391 2726 unaqua-

996 2787 1027 2831 ,‚
1041 2757 1120 2842 que
1139 2731 1363 2814 normaliter
1385 2724 1513 2814 secari.
1576 2723 1772 2814 Caeterum
1797 2728 1972 2840 praeclare
1993 2754 2018 2812 a
2036 2723 2105 2815 Te
2124 2751 2304 2814 notatum
2326 2729 2390 2830 eli,

994 2903 1026 2950 „
1042 2846 1120 2930 hoc
1146 2843 1355 2933 Problema
1380 2840 1487 2931 usum
1517 2847 1661 2932 habere
1682 2846 1723 2928 in
1751 2840 1973 2958 Dioptricis
1984 2905 1999 2946 ,
2023 2873 2096 2957 pro
2117 2871 2318 2931 curvatura
2338 2873 2390 2932 ra·
2533 2849 2534 2862 '

994 3019 1026 3066 a,
1040 2963 1097 3048 dii
1126 2965 1169 3048 in
1197 2964 1332 3050 medio
1369 2964 1556 3050 continue
1589 2963 1791 3050 variante:
1832 2962 1929 3050 nihil
1966 2963 2097 3076 potuit
2132 2961 2211 3048 dici
2241 2965 2389 3076 aptius,

996 3139 1026 3183 ,‚
1041 3088 1118 3170 &c.

1057 3195 1193 3283 Allata
1223 3192 1407 3285 sufficiant
1437 3196 1489 3283 ad
1517 3197 1834 3298 ostendendum,
1866 3193 2095 3282 methodum
2124 3193 2176 3280 ad
2208 3195 2390 3314 aequario·

995 3337 1089 3398 nem
1119 3315 1400 3424 perveniendi,
1424 3338 1505 3399 non
1537 3317 1578 3397 in
1608 3343 1688 3398 uno
1712 3316 1887 3398 alterove
1911 3337 2060 3397 tantum
2086 3317 2267 3426 exemplo
2290 3315 2390 3428 alge·

994 3427 1235 3526 braicarum,
1259 3424 1329 3524 sed
1361 3432 1403 3510 in
1434 3429 1649 3528 omnibus,
1681 3427 1829 3512 dudum
1857 3428 1972 3512 nobis
2003 3425 2108 3515 finisse
2139 3431 2388 3518 familiarem:

998 3537 1282 3657 sedquoniam
1311 3544 1352 3625 in
1383 3539 1734 3630 transcendentibus
1764 3572 1845 3629 non
1872 3539 2064 3646 succedit,
2099 3549 2167 3632 nili
2190 3552 2230 3633 in
2267 3551 2390 3636 simili·

999 3660 1096 3760 bus,
1125 3683 1170 3744 ut
1199 3664 1239 3744 io
1263 3653 1551 3772 Cycloidibus;
1575 3662 1641 3746 vel
1664 3664 1780 3746 etiam
1802 3665 1842 3748 in
1861 3664 1958 3763 illis,
1976 3691 2061 3776 quae
2078 3665 2128 3748 ad
2136 3659 2390 3774 {unam-cons·

945 3819 953 3824 ·
998 3801 1147 3862 tantem
1172 3777 1307 3864 reduci
1336 3773 1514 3891 possunt,
1535 3781 1637 3863 utin
1659 3774 1973 3891 Logarithmicisr
1997 3781 2103 3864 illam
2125 3785 2234 3868 velut
2256 3781 2391 3872 insuffi-

1000 3894 1169 3982 cientem
1190 3895 1366 4008 neglexi,
1388 3924 1461 3982 nec
1485 3923 1602 4011 quam
1631 3896 1850 3981 excolerem
1882 3896 2059 4010 dignatus
2087 3893 2167 3984 sum
2181 3935 2195 3982 .·
2225 3903 2299 3986 alia
2323 3905 2392 3986 ira·

998 4039 1081 4126 que
1112 4011 1497 4128 excogitandum,
1530 4041 1615 4127 quae
1644 4014 1831 4126 generalis
1857 4009 1969 4114 esset,
2000 4017 2040 4098 &
2075 4016 2126 4100 ad
2151 4013 2392 4133 quascunque

998 4128 1210 4213 ordinatim
1230 4127 1423 4244 posrtione
1445 4129 1579 4230 datas,
1610 4124 1917 4218 transcendentes
1937 4159 2046 4248 reque
2069 4159 2114 4217 ac
2139 4135 2392 4244 algebraicas,

998 4247 1272 4360 porrigeretur.
1334 4245 1457 4332 Hanc
1490 4271 1642 4348 autem,
1677 4251 1880 4362 postquam
1915 4247 2140 4336 acuursmus
2173 4249 2393 4339 Lunum·

997 4383 1162 4465 Tuus,
1194 4363 1396 4450 occafionc
1418 4393 1577 4466 eorum,
1604 4393 1687 4478 quae
1707 4364 1774 4477 ipfi
1800 4359 1908 4479 super
1927 4367 1998 4450 hac
2028 4363 2208 4484 affinique
2236 4373 2394 4457 materia

999 4483 1401 4586 communicaveram,
1432 4477 1510 4595 ipse
1520 4509 1685 4606 ‚novam
1715 4481 1975 4569 differentialis
2006 4483 2141 4574 calculi
2167 4489 2394 4602 applicatio·

999 4619 1093 4682 nem
1117 4628 1185 4710 per
1206 4600 1343 4686 utilem
1364 4593 1452 4686 sane
1476 4595 1699 4700 invenisset·²
1733 4629 1963 4717 mecumque
1992 4600 2149 4686 vicissim
2178 4607 2392 4692 communi·

907 4767 911 4773 .
998 4707 1138 4810 cesset,
1170 4715 1221 4799 de
1249 4747 1326 4832 qua
1352 4719 1533 4804 haetenus
1566 4717 1661 4802 nihil
1694 4719 1732 4802 in
1761 4717 1957 4830 publicum
1990 4721 2157 4813 constan
2182 4723 2304 4824 hanc,
2336 4727 2390 4808 in·

999 4853 1142 4936 quam,
1166 4858 1282 4939 quam
1312 4861 1538 4946 optaveram
1565 4836 1795 4921 methodum
1820 4837 2037 4949 generalem
2062 4831 2213 4924 secandi
2237 4841 2392 4927 ordina·

827 4959 833 4967 ’
997 4945 1073 5054 tim
1097 4943 1292 5064 pofitioue
1323 4949 1452 5059 datas,
1478 4951 1557 5046 live
1589 4953 1845 5072 ugebraicas,
1874 4951 1953 5045 five
1988 4949 2319 5058 transcendentes,
2353 4959 2393 5040 in

2323 5101 2393 5162 un-
