<?xml version="1.0" encoding="UTF-8"?>
<!DOCTYPE html PUBLIC "-//W3C//DTD XHTML 1.0 Transitional//EN"
    "http://www.w3.org/TR/xhtml1/DTD/xhtml1-transitional.dtd">
<html xmlns="http://www.w3.org/1999/xhtml" xml:lang="en" lang="en">
 <head>
  <title>
</title>
<meta http-equiv="Content-Type" content="text/html;charset=utf-8" />
  <meta name='ocr-system' content='tesseract 3.04.00' />
  <meta name='ocr-capabilities' content='ocr_page ocr_carea ocr_par ocr_line ocrx_word'/>
</head>
<body>
  <div class='ocr_page' id='page_1' title='image "./operaomnia00primgoog_0432.png"; bbox 0 0 5500 6884; ppageno 0'>
   <div class='ocr_carea' id='block_1_1' title="bbox 991 742 2388 1067">
    <p class='ocr_par' dir='ltr' id='par_1_1' title="bbox 991 742 2388 1067">
     <span class='ocr_line' id='line_1_1' title="bbox 991 742 2345 929; baseline -0.011 -31"><span class='ocrx_word' id='word_1_1' title='bbox 991 830 1076 929; x_wconf 60' lang='lat'>370</span> <span class='ocrx_word' id='word_1_2' title='bbox 1239 790 2191 913; x_wconf 68' lang='lat' dir='ltr'>re.rxv.nrsoursrrro</span> <span class='ocrx_word' id='word_1_3' title='bbox 2336 742 2345 755; x_wconf 79' lang='grc'><strong>’</strong></span> 
     </span>
     <span class='ocr_line' id='line_1_2' title="bbox 991 949 2388 1067; baseline 0 -24"><span class='ocrx_word' id='word_1_4' title='bbox 991 960 1038 1043; x_wconf 90' lang='lat' dir='ltr'>di</span> <span class='ocrx_word' id='word_1_5' title='bbox 1067 956 1341 1063; x_wconf 78' lang='lat' dir='ltr'>confitetudine</span> <span class='ocrx_word' id='word_1_6' title='bbox 1355 1000 1368 1043; x_wconf 93' lang='lat'>.·</span> <span class='ocrx_word' id='word_1_7' title='bbox 1408 966 1537 1047; x_wconf 70' lang='lat' dir='ltr'>naeuus</span> <span class='ocrx_word' id='word_1_8' title='bbox 1575 984 1704 1044; x_wconf 91' lang='lat' dir='ltr'>tamen</span> <span class='ocrx_word' id='word_1_9' title='bbox 1733 960 1788 1043; x_wconf 87' lang='lat' dir='ltr'>est</span> <span class='ocrx_word' id='word_1_10' title='bbox 1817 980 1980 1067; x_wconf 88' lang='lat' dir='ltr'>uterque</span> <span class='ocrx_word' id='word_1_11' title='bbox 2016 949 2105 1039; x_wconf 91' lang='lat' dir='ltr'>suos</span> <span class='ocrx_word' id='word_1_12' title='bbox 2140 951 2388 1043; x_wconf 73' lang='lat' dir='ltr'>adversarios</span> 
     </span>
    </p>
   </div>
   <div class='ocr_carea' id='block_1_2' title="bbox 994 1072 2517 1192">
    <p class='ocr_par' dir='ltr' id='par_1_2' title="bbox 994 1072 2517 1192">
     <span class='ocr_line' id='line_1_3' title="bbox 994 1072 2517 1192; baseline -0.007 -27"><span class='ocrx_word' id='word_1_13' title='bbox 994 1072 1058 1165; x_wconf 91' lang='lat' dir='ltr'>Ut</span> <span class='ocrx_word' id='word_1_14' title='bbox 1088 1082 1191 1165; x_wconf 87' lang='lat' dir='ltr'>enim</span> <span class='ocrx_word' id='word_1_15' title='bbox 1226 1082 1467 1192; x_wconf 76' lang='lat' dir='ltr'>objectiones</span> <span class='ocrx_word' id='word_1_16' title='bbox 1497 1107 1633 1164; x_wconf 90' lang='lat' dir='ltr'>omnes</span> <span class='ocrx_word' id='word_1_17' title='bbox 1655 1090 1827 1174; x_wconf 87' lang='lat' dir='ltr'>taceam,</span> <span class='ocrx_word' id='word_1_18' title='bbox 1858 1074 2000 1186; x_wconf 90' lang='lat' dir='ltr'>quibus</span> <span class='ocrx_word' id='word_1_19' title='bbox 2025 1073 2233 1184; x_wconf 84' lang='lat' dir='ltr'>explicatio</span> <span class='ocrx_word' id='word_1_20' title='bbox 2262 1073 2386 1161; x_wconf 80' lang='lat' dir='ltr'>Carte-</span> <span class='ocrx_word' id='word_1_21' title='bbox 2516 1157 2517 1180; x_wconf 19' lang='grc' dir='ltr'><strong><em>ἴ</em></strong></span> 
     </span>
    </p>
   </div>
   <div class='ocr_carea' id='block_1_3' title="bbox 984 1188 2388 2240">
    <p class='ocr_par' dir='ltr' id='par_1_3' title="bbox 984 1188 2388 2240">
     <span class='ocr_line' id='line_1_4' title="bbox 984 1188 2379 1313; baseline -0.001 -36"><span class='ocrx_word' id='word_1_22' title='bbox 984 1192 1091 1301; x_wconf 74' lang='lat' dir='ltr'>fiam</span> <span class='ocrx_word' id='word_1_23' title='bbox 1120 1200 1332 1313; x_wconf 88' lang='lat' dir='ltr'>impugnari</span> <span class='ocrx_word' id='word_1_24' title='bbox 1371 1192 1493 1297; x_wconf 85' lang='lat' dir='ltr'>solet,</span> <span class='ocrx_word' id='word_1_25' title='bbox 1531 1193 1574 1279; x_wconf 92' lang='lat' dir='ltr'>id</span> <span class='ocrx_word' id='word_1_26' title='bbox 1605 1195 1759 1277; x_wconf 91' lang='lat' dir='ltr'>unicum</span> <span class='ocrx_word' id='word_1_27' title='bbox 1788 1192 1919 1273; x_wconf 87' lang='lat' dir='ltr'>multis</span> <span class='ocrx_word' id='word_1_28' title='bbox 1947 1188 2064 1274; x_wconf 88' lang='lat' dir='ltr'>valde</span> <span class='ocrx_word' id='word_1_29' title='bbox 2093 1188 2231 1275; x_wconf 88' lang='lat' dir='ltr'>durum</span> <span class='ocrx_word' id='word_1_30' title='bbox 2270 1192 2379 1277; x_wconf 84' lang='lat' dir='ltr'>vide-</span> 
     </span>
     <span class='ocr_line' id='line_1_5' title="bbox 985 1304 2388 1429; baseline -0.004 -33"><span class='ocrx_word' id='word_1_31' title='bbox 985 1332 1079 1413; x_wconf 83' lang='lat' dir='ltr'>tur,</span> <span class='ocrx_word' id='word_1_32' title='bbox 1111 1314 1220 1427; x_wconf 90' lang='lat' dir='ltr'>quod</span> <span class='ocrx_word' id='word_1_33' title='bbox 1253 1342 1426 1429; x_wconf 88' lang='lat' dir='ltr'>peream</span> <span class='ocrx_word' id='word_1_34' title='bbox 1458 1308 1751 1426; x_wconf 89' lang='lat' dir='ltr'>supponendum</span> <span class='ocrx_word' id='word_1_35' title='bbox 1783 1307 1850 1407; x_wconf 84' lang='lat' dir='ltr'>su,</span> <span class='ocrx_word' id='word_1_36' title='bbox 1877 1335 1945 1418; x_wconf 85' lang='lat' dir='ltr'>per</span> <span class='ocrx_word' id='word_1_37' title='bbox 1971 1304 2183 1418; x_wconf 83' lang='lat' dir='ltr'>diaphana,</span> <span class='ocrx_word' id='word_1_38' title='bbox 2214 1308 2388 1423; x_wconf 87' lang='lat' dir='ltr'>alioquin</span> 
     </span>
     <span class='ocr_line' id='line_1_6' title="bbox 994 1422 2385 1542; baseline -0.001 -34"><span class='ocrx_word' id='word_1_39' title='bbox 994 1424 1179 1514; x_wconf 82' lang='lat' dir='ltr'>denfioris</span> <span class='ocrx_word' id='word_1_40' title='bbox 1202 1430 1470 1528; x_wconf 85' lang='lat' dir='ltr'>consrstentiae,</span> <span class='ocrx_word' id='word_1_41' title='bbox 1494 1430 1624 1542; x_wconf 89' lang='lat' dir='ltr'>qualia</span> <span class='ocrx_word' id='word_1_42' title='bbox 1648 1422 1732 1509; x_wconf 93' lang='lat' dir='ltr'>sunt</span> <span class='ocrx_word' id='word_1_43' title='bbox 1751 1426 1893 1509; x_wconf 87' lang='lat' dir='ltr'>vitrum</span> <span class='ocrx_word' id='word_1_44' title='bbox 1921 1428 2037 1536; x_wconf 88' lang='lat' dir='ltr'>&amp;aq</span> <span class='ocrx_word' id='word_1_45' title='bbox 2094 1483 2108 1523; x_wconf 88' lang='lat'>,</span> <span class='ocrx_word' id='word_1_46' title='bbox 2137 1422 2289 1509; x_wconf 90' lang='lat' dir='ltr'>radium</span> <span class='ocrx_word' id='word_1_47' title='bbox 2317 1454 2385 1535; x_wconf 82' lang='lat' dir='ltr'>op</span> 
     </span>
     <span class='ocr_line' id='line_1_7' title="bbox 996 1537 2388 1661; baseline 0.002 -39"><span class='ocrx_word' id='word_1_48' title='bbox 996 1543 1116 1627; x_wconf 88' lang='lat' dir='ltr'>ticum</span> <span class='ocrx_word' id='word_1_49' title='bbox 1148 1546 1294 1632; x_wconf 77' lang='lat' dir='ltr'><strong>facilius</strong></span> <span class='ocrx_word' id='word_1_50' title='bbox 1318 1554 1357 1631; x_wconf 81' lang='lat' dir='ltr'>dc</span> <span class='ocrx_word' id='word_1_51' title='bbox 1379 1546 1594 1661; x_wconf 87' lang='lat' dir='ltr'>promptius</span> <span class='ocrx_word' id='word_1_52' title='bbox 1619 1545 1713 1629; x_wconf 89' lang='lat' dir='ltr'>eniti</span> <span class='ocrx_word' id='word_1_53' title='bbox 1734 1537 1841 1654; x_wconf 85' lang='lat' dir='ltr'>posse</span> <span class='ocrx_word' id='word_1_54' title='bbox 1864 1567 1980 1653; x_wconf 89' lang='lat' dir='ltr'>quam</span> <span class='ocrx_word' id='word_1_55' title='bbox 2000 1567 2051 1652; x_wconf 94' lang='lat' dir='ltr'>pe</span> <span class='ocrx_word' id='word_1_56' title='bbox 2093 1565 2235 1626; x_wconf 87' lang='lat' dir='ltr'>aetem.</span> <span class='ocrx_word' id='word_1_57' title='bbox 2294 1537 2388 1629; x_wconf 86' lang='lat' dir='ltr'>Nec</span> 
     </span>
     <span class='ocr_line' id='line_1_8' title="bbox 995 1651 2386 1775; baseline -0.002 -32"><span class='ocrx_word' id='word_1_58' title='bbox 995 1660 1071 1759; x_wconf 82' lang='lat' dir='ltr'>est,</span> <span class='ocrx_word' id='word_1_59' title='bbox 1103 1663 1212 1775; x_wconf 91' lang='lat' dir='ltr'>quod</span> <span class='ocrx_word' id='word_1_60' title='bbox 1251 1659 1294 1748; x_wconf 91' lang='lat' dir='ltr'>C</span> <span class='ocrx_word' id='word_1_61' title='bbox 1304 1684 1583 1751; x_wconf 71' lang='lat' dir='ltr'>nutemus</span> <span class='ocrx_word' id='word_1_62' title='bbox 1623 1659 1727 1744; x_wconf 90' lang='lat' dir='ltr'>dicat</span> <span class='ocrx_word' id='word_1_63' title='bbox 1759 1668 1888 1743; x_wconf 88' lang='lat' dir='ltr'>a&#39;erem</span> <span class='ocrx_word' id='word_1_64' title='bbox 1920 1651 1994 1741; x_wconf 83' lang='lat' dir='ltr'>elle</span> <span class='ocrx_word' id='word_1_65' title='bbox 2028 1658 2147 1767; x_wconf 85' lang='lat' dir='ltr'>magis</span> <span class='ocrx_word' id='word_1_66' title='bbox 2175 1652 2386 1757; x_wconf 86' lang='lat' dir='ltr'>villosum,</span> 
     </span>
     <span class='ocr_line' id='line_1_9' title="bbox 995 1767 2385 1893; baseline -0.005 -36"><span class='ocrx_word' id='word_1_67' title='bbox 995 1772 1167 1890; x_wconf 90' lang='lat' dir='ltr'>ideoque</span> <span class='ocrx_word' id='word_1_68' title='bbox 1190 1784 1307 1867; x_wconf 88' lang='lat' dir='ltr'>etiam</span> <span class='ocrx_word' id='word_1_69' title='bbox 1337 1783 1457 1893; x_wconf 84' lang='lat' dir='ltr'>magis</span> <span class='ocrx_word' id='word_1_70' title='bbox 1489 1779 1629 1862; x_wconf 87' lang='lat' dir='ltr'>morati</span> <span class='ocrx_word' id='word_1_71' title='bbox 1661 1775 1813 1874; x_wconf 87' lang='lat' dir='ltr'>radios,</span> <span class='ocrx_word' id='word_1_72' title='bbox 1846 1801 1965 1891; x_wconf 90' lang='lat' dir='ltr'>quam</span> <span class='ocrx_word' id='word_1_73' title='bbox 1994 1771 2136 1859; x_wconf 80' lang='lat' dir='ltr'>faciant</span> <span class='ocrx_word' id='word_1_74' title='bbox 2176 1767 2385 1857; x_wconf 87' lang='lat' dir='ltr'>solidiora.-</span> 
     </span>
     <span class='ocr_line' id='line_1_10' title="bbox 996 1889 2384 2005; baseline -0.001 -31"><span class='ocrx_word' id='word_1_75' title='bbox 996 1921 1077 2004; x_wconf 93' lang='lat' dir='ltr'>quo</span> <span class='ocrx_word' id='word_1_76' title='bbox 1123 1898 1228 1979; x_wconf 88' lang='lat' dir='ltr'>enim</span> <span class='ocrx_word' id='word_1_77' title='bbox 1268 1900 1404 1981; x_wconf 89' lang='lat' dir='ltr'>colore</span> <span class='ocrx_word' id='word_1_78' title='bbox 1452 1893 1706 1991; x_wconf 81' lang='lat' dir='ltr'>alse&#39;verabit,</span> <span class='ocrx_word' id='word_1_79' title='bbox 1743 1893 1881 2005; x_wconf 84' lang='lat' dir='ltr'>purum</span> <span class='ocrx_word' id='word_1_80' title='bbox 1918 1889 2099 1976; x_wconf 81' lang='lat' dir='ltr'>aetheren</span> <span class='ocrx_word' id='word_1_81' title='bbox 2151 1889 2384 1975; x_wconf 84' lang='lat' dir='ltr'>villofiorem</span> 
     </span>
     <span class='ocr_line' id='line_1_11' title="bbox 996 2004 2382 2105; baseline 0 -16"><span class='ocrx_word' id='word_1_82' title='bbox 996 2004 1070 2093; x_wconf 85' lang='lat' dir='ltr'>else</span> <span class='ocrx_word' id='word_1_83' title='bbox 1096 2017 1182 2097; x_wconf 57' lang='lat' dir='ltr'>abre</span> <span class='ocrx_word' id='word_1_84' title='bbox 1208 2011 1349 2103; x_wconf 80' lang='lat' dir='ltr'>cralsor</span> <span class='ocrx_word' id='word_1_85' title='bbox 1376 2042 1465 2097; x_wconf 88' lang='lat' dir='ltr'>curn</span> <span class='ocrx_word' id='word_1_86' title='bbox 1497 2011 1600 2095; x_wconf 91' lang='lat' dir='ltr'>idem</span> <span class='ocrx_word' id='word_1_87' title='bbox 1626 2007 1777 2095; x_wconf 88' lang='lat' dir='ltr'>accidat</span> <span class='ocrx_word' id='word_1_88' title='bbox 1795 2008 1909 2092; x_wconf 87' lang='lat' dir='ltr'>radiis</span> <span class='ocrx_word' id='word_1_89' title='bbox 1936 2035 1985 2089; x_wconf 85' lang='lat' dir='ltr'>ex</span> <span class='ocrx_word' id='word_1_90' title='bbox 2006 2006 2146 2089; x_wconf 86' lang='lat' dir='ltr'>aethere</span> <span class='ocrx_word' id='word_1_91' title='bbox 2169 2007 2210 2091; x_wconf 90' lang='lat' dir='ltr'>in</span> <span class='ocrx_word' id='word_1_92' title='bbox 2229 2011 2382 2105; x_wconf 61' lang='lat' dir='ltr'>astent,</span> 
     </span>
     <span class='ocr_line' id='line_1_12' title="bbox 994 2116 2385 2240; baseline 0.001 -34"><span class='ocrx_word' id='word_1_93' title='bbox 994 2123 1107 2237; x_wconf 93' lang='lat' dir='ltr'>quod</span> <span class='ocrx_word' id='word_1_94' title='bbox 1140 2157 1189 2211; x_wconf 84' lang='lat' dir='ltr'>ex</span> <span class='ocrx_word' id='word_1_95' title='bbox 1220 2142 1307 2213; x_wconf 71' lang='lat' dir='ltr'>aere</span> <span class='ocrx_word' id='word_1_96' title='bbox 1337 2132 1377 2211; x_wconf 92' lang='lat' dir='ltr'>in</span> <span class='ocrx_word' id='word_1_97' title='bbox 1400 2130 1565 2227; x_wconf 83' lang='lat' dir='ltr'>vitrum,</span> <span class='ocrx_word' id='word_1_98' title='bbox 1599 2126 1666 2213; x_wconf 91' lang='lat' dir='ltr'>vel</span> <span class='ocrx_word' id='word_1_99' title='bbox 1692 2153 1857 2240; x_wconf 86' lang='lat' dir='ltr'>aquam,</span> <span class='ocrx_word' id='word_1_100' title='bbox 1889 2116 2198 2214; x_wconf 75' lang='lat' dir='ltr'>transeuntibusr</span> <span class='ocrx_word' id='word_1_101' title='bbox 2240 2124 2385 2208; x_wconf 84' lang='lat' dir='ltr'>utrovis</span> 
     </span>
    </p>
   </div>
   <div class='ocr_carea' id='block_1_4' title="bbox 994 2237 2522 2474">
    <p class='ocr_par' dir='ltr' id='par_1_4' title="bbox 994 2237 2522 2474">
     <span class='ocr_line' id='line_1_13' title="bbox 995 2237 2399 2357; baseline -0.001 -35"><span class='ocrx_word' id='word_1_102' title='bbox 995 2242 1140 2352; x_wconf 89' lang='lat' dir='ltr'>quippe</span> <span class='ocrx_word' id='word_1_103' title='bbox 1172 2242 1296 2331; x_wconf 88' lang='lat' dir='ltr'>inodo</span> <span class='ocrx_word' id='word_1_104' title='bbox 1328 2246 1379 2329; x_wconf 84' lang='lat' dir='ltr'>ad</span> <span class='ocrx_word' id='word_1_105' title='bbox 1407 2244 1762 2357; x_wconf 85' lang='lat' dir='ltr'>perpendicularem</span> <span class='ocrx_word' id='word_1_106' title='bbox 1790 2240 2057 2353; x_wconf 84' lang='lat' dir='ltr'>refringtmnu.</span> <span class='ocrx_word' id='word_1_107' title='bbox 2098 2237 2399 2327; x_wconf 73' lang='lat' dir='ltr'>FERMATn.</span> 
     </span>
     <span class='ocr_line' id='line_1_14' title="bbox 994 2352 2522 2474; baseline 0.005 -37"><span class='ocrx_word' id='word_1_108' title='bbox 994 2383 1092 2440; x_wconf 87' lang='lat' dir='ltr'>vero</span> <span class='ocrx_word' id='word_1_109' title='bbox 1115 2361 1336 2472; x_wconf 74' lang='lat' dir='ltr'>hypothesis</span> <span class='ocrx_word' id='word_1_110' title='bbox 1361 2357 1434 2445; x_wconf 89' lang='lat' dir='ltr'>suis</span> <span class='ocrx_word' id='word_1_111' title='bbox 1455 2388 1616 2474; x_wconf 91' lang='lat' dir='ltr'>quoque</span> <span class='ocrx_word' id='word_1_112' title='bbox 1635 2362 1818 2472; x_wconf 89' lang='lat' dir='ltr'>premitur</span> <span class='ocrx_word' id='word_1_113' title='bbox 1842 2356 2155 2455; x_wconf 84' lang='lat' dir='ltr'>difficultatibus,</span> <span class='ocrx_word' id='word_1_114' title='bbox 2186 2352 2385 2468; x_wconf 83' lang='lat' dir='ltr'>multisque</span> <span class='ocrx_word' id='word_1_115' title='bbox 2521 2441 2522 2444; x_wconf 8' lang='lat' dir='ltr'>a</span> 
     </span>
    </p>
   </div>
   <div class='ocr_carea' id='block_1_5' title="bbox 897 2466 2380 2590">
    <p class='ocr_par' dir='ltr' id='par_1_5' title="bbox 897 2466 2380 2590">
     <span class='ocr_line' id='line_1_15' title="bbox 897 2466 2380 2590; baseline 0.002 -38"><span class='ocrx_word' id='word_1_116' title='bbox 897 2514 900 2523; x_wconf 24' lang='grc' dir='ltr'><strong>Δ</strong></span> <span class='ocrx_word' id='word_1_117' title='bbox 994 2467 1190 2585; x_wconf 74' lang='lat' dir='ltr'>displicets</span> <span class='ocrx_word' id='word_1_118' title='bbox 1219 2479 1295 2561; x_wconf 90' lang='lat' dir='ltr'>illis</span> <span class='ocrx_word' id='word_1_119' title='bbox 1317 2472 1542 2590; x_wconf 73' lang='lat' dir='ltr'>prasertim,</span> <span class='ocrx_word' id='word_1_120' title='bbox 1565 2478 1634 2589; x_wconf 90' lang='lat' dir='ltr'>qui</span> <span class='ocrx_word' id='word_1_121' title='bbox 1656 2471 1781 2561; x_wconf 78' lang='lat' dir='ltr'>causas</span> <span class='ocrx_word' id='word_1_122' title='bbox 1802 2474 1936 2559; x_wconf 87' lang='lat' dir='ltr'>finales</span> <span class='ocrx_word' id='word_1_123' title='bbox 1957 2500 2006 2556; x_wconf 83' lang='lat' dir='ltr'>ex</span> <span class='ocrx_word' id='word_1_124' title='bbox 2025 2471 2178 2585; x_wconf 77' lang='lat' dir='ltr'>physica</span> <span class='ocrx_word' id='word_1_125' title='bbox 2203 2466 2380 2585; x_wconf 82' lang='lat' dir='ltr'>proscrip</span> 
     </span>
    </p>
   </div>
   <div class='ocr_carea' id='block_1_6' title="bbox 995 2587 2523 2707">
    <p class='ocr_par' dir='ltr' id='par_1_6' title="bbox 995 2587 2523 2707">
     <span class='ocr_line' id='line_1_16' title="bbox 995 2587 2523 2707; baseline 0.005 -40"><span class='ocrx_word' id='word_1_126' title='bbox 995 2608 1054 2669; x_wconf 86' lang='lat' dir='ltr'>tas</span> <span class='ocrx_word' id='word_1_127' title='bbox 1076 2592 1216 2675; x_wconf 92' lang='lat' dir='ltr'>volunt</span> <span class='ocrx_word' id='word_1_128' title='bbox 1229 2626 1240 2683; x_wconf 76' lang='grc' dir='ltr'><strong><em>ς</em></strong></span> <span class='ocrx_word' id='word_1_129' title='bbox 1274 2597 1450 2707; x_wconf 88' lang='lat' dir='ltr'>quamvis</span> <span class='ocrx_word' id='word_1_130' title='bbox 1472 2594 1563 2678; x_wconf 88' lang='lat' dir='ltr'>alias</span> <span class='ocrx_word' id='word_1_131' title='bbox 1584 2620 1688 2675; x_wconf 86' lang='lat' dir='ltr'>nova</span> <span class='ocrx_word' id='word_1_132' title='bbox 1711 2620 1792 2675; x_wconf 92' lang='lat' dir='ltr'>non</span> <span class='ocrx_word' id='word_1_133' title='bbox 1816 2591 1882 2674; x_wconf 87' lang='lat' dir='ltr'>srt:</span> <span class='ocrx_word' id='word_1_134' title='bbox 1910 2614 2099 2702; x_wconf 90' lang='lat' dir='ltr'>quantum</span> <span class='ocrx_word' id='word_1_135' title='bbox 2120 2587 2225 2673; x_wconf 91' lang='lat' dir='ltr'>enim</span> <span class='ocrx_word' id='word_1_136' title='bbox 2250 2590 2300 2672; x_wconf 92' lang='lat' dir='ltr'>ad</span> <span class='ocrx_word' id='word_1_137' title='bbox 2320 2589 2383 2673; x_wconf 88' lang='lat' dir='ltr'>de·</span> <span class='ocrx_word' id='word_1_138' title='bbox 2522 2667 2523 2686; x_wconf 20' lang='grc' dir='ltr'><strong><em>Ν</em></strong></span> 
     </span>
    </p>
   </div>
   <div class='ocr_carea' id='block_1_7' title="bbox 995 2705 2383 2823">
    <p class='ocr_par' dir='ltr' id='par_1_7' title="bbox 995 2705 2383 2823">
     <span class='ocr_line' id='line_1_17' title="bbox 995 2705 2383 2823; baseline 0.004 -38"><span class='ocrx_word' id='word_1_139' title='bbox 995 2708 1311 2793; x_wconf 84' lang='lat' dir='ltr'>monstrationem</span> <span class='ocrx_word' id='word_1_140' title='bbox 1331 2709 1559 2823; x_wconf 82' lang='lat' dir='ltr'>aequalitatis</span> <span class='ocrx_word' id='word_1_141' title='bbox 1582 2710 1810 2821; x_wconf 86' lang='lat' dir='ltr'>angulorum</span> <span class='ocrx_word' id='word_1_142' title='bbox 1835 2705 2051 2791; x_wconf 74' lang='lat' dir='ltr'>incidentia</span> <span class='ocrx_word' id='word_1_143' title='bbox 2070 2711 2111 2789; x_wconf 91' lang='lat'>&amp;</span> <span class='ocrx_word' id='word_1_144' title='bbox 2138 2707 2383 2805; x_wconf 78' lang='lat' dir='ltr'>reflexionis,</span> 
     </span>
    </p>
   </div>
   <div class='ocr_carea' id='block_1_8' title="bbox 755 2808 2385 2929">
    <p class='ocr_par' dir='ltr' id='par_1_8' title="bbox 755 2808 2385 2929">
     <span class='ocr_line' id='line_1_18' title="bbox 755 2808 2385 2929; baseline 0.001 -27"><span class='ocrx_word' id='word_1_145' title='bbox 755 2808 757 2816; x_wconf 66' lang='grc'><strong>’</strong></span> <span class='ocrx_word' id='word_1_146' title='bbox 826 2838 830 2847; x_wconf 88' lang='grc'><strong>’</strong></span> <span class='ocrx_word' id='word_1_147' title='bbox 996 2844 1044 2903; x_wconf 86' lang='lat' dir='ltr'>ea</span> <span class='ocrx_word' id='word_1_148' title='bbox 1071 2823 1149 2929; x_wconf 88' lang='lat' dir='ltr'>jarn</span> <span class='ocrx_word' id='word_1_149' title='bbox 1177 2825 1230 2911; x_wconf 85' lang='lat' dir='ltr'>usr</span> <span class='ocrx_word' id='word_1_150' title='bbox 1249 2820 1333 2911; x_wconf 90' lang='lat' dir='ltr'>sunt</span> <span class='ocrx_word' id='word_1_151' title='bbox 1350 2851 1522 2925; x_wconf 85' lang='lat' dir='ltr'>veteres,</span> <span class='ocrx_word' id='word_1_152' title='bbox 1549 2826 1727 2909; x_wconf 89' lang='lat' dir='ltr'>nimirum</span> <span class='ocrx_word' id='word_1_153' title='bbox 1752 2817 2248 2911; x_wconf 72' lang='lat' dir='ltr'>PTOLEMAEUsLib.</span> <span class='ocrx_word' id='word_1_154' title='bbox 2265 2818 2298 2907; x_wconf 85' lang='grc' dir='ltr'>Ι.</span> <span class='ocrx_word' id='word_1_155' title='bbox 2325 2822 2385 2907; x_wconf 82' lang='lat' dir='ltr'>Dr</span> 
     </span>
    </p>
   </div>
   <div class='ocr_carea' id='block_1_9' title="bbox 994 2931 2385 3051">
    <p class='ocr_par' dir='ltr' id='par_1_9' title="bbox 994 2931 2385 3051">
     <span class='ocr_line' id='line_1_19' title="bbox 994 2931 2385 3051; baseline 0.006 -35"><span class='ocrx_word' id='word_1_156' title='bbox 994 2931 1175 3046; x_wconf 62' lang='lat' dir='ltr'>§peculim</span> <span class='ocrx_word' id='word_1_157' title='bbox 1221 2945 1314 3027; x_wconf 91' lang='lat' dir='ltr'>item</span> <span class='ocrx_word' id='word_1_158' title='bbox 1344 2938 1516 3029; x_wconf 75' lang='lat' dir='ltr'><strong>HERO</strong></span> <span class='ocrx_word' id='word_1_159' title='bbox 1537 2938 1793 3029; x_wconf 84' lang='lat' dir='ltr'>Methanicus</span> <span class='ocrx_word' id='word_1_160' title='bbox 1828 2943 1871 3023; x_wconf 92' lang='lat' dir='ltr'>in</span> <span class='ocrx_word' id='word_1_161' title='bbox 1900 2938 2137 3051; x_wconf 51' lang='lat' dir='ltr'>Carnarius,</span> <span class='ocrx_word' id='word_1_162' title='bbox 2160 2941 2256 3025; x_wconf 89' lang='lat' dir='ltr'>teste</span> <span class='ocrx_word' id='word_1_163' title='bbox 2284 2935 2335 3026; x_wconf 92' lang='lat' dir='ltr'><em>H</em></span> <span class='ocrx_word' id='word_1_164' title='bbox 2342 2962 2385 3024; x_wconf 75' lang='lat'>1-</span> 
     </span>
    </p>
   </div>
   <div class='ocr_carea' id='block_1_10' title="bbox 825 3052 2384 3172">
    <p class='ocr_par' dir='ltr' id='par_1_10' title="bbox 825 3052 2384 3172">
     <span class='ocr_line' id='line_1_20' title="bbox 825 3052 2384 3172; baseline 0.002 -37"><span class='ocrx_word' id='word_1_165' title='bbox 825 3052 829 3060; x_wconf 87' lang='grc'><strong>’</strong></span> <span class='ocrx_word' id='word_1_166' title='bbox 995 3073 1263 3145; x_wconf 77' lang='lat' dir='ltr'>110DORo</span> <span class='ocrx_word' id='word_1_167' title='bbox 1301 3058 1487 3167; x_wconf 78' lang='lat' dir='ltr'>Lariffaer,</span> <span class='ocrx_word' id='word_1_168' title='bbox 1526 3061 1594 3172; x_wconf 91' lang='lat' dir='ltr'>qui</span> <span class='ocrx_word' id='word_1_169' title='bbox 1621 3062 1701 3166; x_wconf 86' lang='lat' dir='ltr'>ejus</span> <span class='ocrx_word' id='word_1_170' title='bbox 1728 3060 1969 3142; x_wconf 83' lang='lat' dir='ltr'>mentionem</span> <span class='ocrx_word' id='word_1_171' title='bbox 1999 3054 2091 3139; x_wconf 87' lang='lat' dir='ltr'>facit</span> <span class='ocrx_word' id='word_1_172' title='bbox 2119 3084 2222 3169; x_wconf 69' lang='lat' dir='ltr'>cap.¹</span> <span class='ocrx_word' id='word_1_173' title='bbox 2243 3088 2289 3165; x_wconf 85' lang='lat'>13</span> <span class='ocrx_word' id='word_1_174' title='bbox 2325 3056 2384 3141; x_wconf 84' lang='lat' dir='ltr'>De</span> 
     </span>
    </p>
   </div>
   <div class='ocr_carea' id='block_1_11' title="bbox 997 3165 2382 3285">
    <p class='ocr_par' dir='ltr' id='par_1_11' title="bbox 997 3165 2382 3285">
     <span class='ocr_line' id='line_1_21' title="bbox 997 3165 2382 3285; baseline 0.004 -34"><span class='ocrx_word' id='word_1_175' title='bbox 997 3165 1163 3274; x_wconf 76' lang='lat' dir='ltr'>Opticis,</span> <span class='ocrx_word' id='word_1_176' title='bbox 1218 3178 1257 3259; x_wconf 92' lang='lat' dir='ltr'>ui</span> <span class='ocrx_word' id='word_1_177' title='bbox 1286 3202 1416 3263; x_wconf 88' lang='lat' dir='ltr'>autern</span> <span class='ocrx_word' id='word_1_178' title='bbox 1438 3172 1489 3261; x_wconf 91' lang='lat' dir='ltr'><em>H</em></span> <span class='ocrx_word' id='word_1_179' title='bbox 1496 3197 1704 3263; x_wconf 75' lang='lat' dir='ltr'>fiRoNIs</span> <span class='ocrx_word' id='word_1_180' title='bbox 1731 3170 1935 3259; x_wconf 65' lang='lat' dir='ltr'>Tradetur</span> <span class='ocrx_word' id='word_1_181' title='bbox 1957 3175 2143 3285; x_wconf 88' lang='lat' dir='ltr'>temporis</span> <span class='ocrx_word' id='word_1_182' title='bbox 2169 3175 2306 3281; x_wconf 88' lang='lat' dir='ltr'>injuria</span> <span class='ocrx_word' id='word_1_183' title='bbox 2328 3176 2382 3257; x_wconf 88' lang='lat' dir='ltr'>in-</span> 
     </span>
    </p>
   </div>
   <div class='ocr_carea' id='block_1_12' title="bbox 995 3206 2383 3392">
    <p class='ocr_par' dir='ltr' id='par_1_12' title="bbox 995 3206 2383 3392">
     <span class='ocr_line' id='line_1_22' title="bbox 995 3206 2383 3392; baseline 0.006 -26"><span class='ocrx_word' id='word_1_184' title='bbox 995 3290 1111 3371; x_wconf 90' lang='lat' dir='ltr'>teriit.</span> <span class='ocrx_word' id='word_1_185' title='bbox 1171 3206 1294 3379; x_wconf 72' lang='lat' dir='ltr'>sinde</span> <span class='ocrx_word' id='word_1_186' title='bbox 1322 3323 1405 3392; x_wconf 82' lang='lat' dir='ltr'>non</span> <span class='ocrx_word' id='word_1_187' title='bbox 1434 3294 1629 3380; x_wconf 88' lang='lat' dir='ltr'>immerito</span> <span class='ocrx_word' id='word_1_188' title='bbox 1655 3288 1820 3377; x_wconf 87' lang='lat' dir='ltr'>summus</span> <span class='ocrx_word' id='word_1_189' title='bbox 1841 3292 1968 3375; x_wconf 88' lang='lat' dir='ltr'>noster</span> <span class='ocrx_word' id='word_1_190' title='bbox 1989 3286 2249 3378; x_wconf 70' lang='lat' dir='ltr'>LEIBNITms</span> <span class='ocrx_word' id='word_1_191' title='bbox 2276 3290 2383 3392; x_wconf 86' lang='lat' dir='ltr'>(vid.</span> 
     </span>
    </p>
   </div>
   <div class='ocr_carea' id='block_1_13' title="bbox 994 3402 2382 3521">
    <p class='ocr_par' dir='ltr' id='par_1_13' title="bbox 994 3402 2382 3521">
     <span class='ocr_line' id='line_1_23' title="bbox 994 3402 2382 3521; baseline 0.007 -38"><span class='ocrx_word' id='word_1_192' title='bbox 994 3404 1087 3491; x_wconf 64' lang='lat' dir='ltr'>Aci.</span> <span class='ocrx_word' id='word_1_193' title='bbox 1110 3402 1225 3487; x_wconf 75' lang='lat' dir='ltr'>Erud.</span> <span class='ocrx_word' id='word_1_194' title='bbox 1266 3424 1388 3500; x_wconf 85' lang='lat'>1682.</span> <span class='ocrx_word' id='word_1_195' title='bbox 1421 3439 1462 3521; x_wconf 86' lang='lat' dir='ltr'>p.</span> <span class='ocrx_word' id='word_1_196' title='bbox 1501 3424 1581 3514; x_wconf 89' lang='lat'>187</span> <span class='ocrx_word' id='word_1_197' title='bbox 1594 3420 1613 3510; x_wconf 87' lang='lat'><em>)</em></span> <span class='ocrx_word' id='word_1_198' title='bbox 1637 3403 1859 3519; x_wconf 86' lang='lat' dir='ltr'>suspicattu,</span> <span class='ocrx_word' id='word_1_199' title='bbox 1892 3410 2145 3506; x_wconf 87' lang='lat' dir='ltr'>recentiores,</span> <span class='ocrx_word' id='word_1_200' title='bbox 2170 3405 2382 3494; x_wconf 77' lang='lat' dir='ltr'>FERMA-</span> 
     </span>
    </p>
   </div>
   <div class='ocr_carea' id='block_1_14' title="bbox 996 3521 2526 3621">
    <p class='ocr_par' dir='ltr' id='par_1_14' title="bbox 996 3521 2526 3621">
     <span class='ocr_line' id='line_1_24' title="bbox 996 3521 2526 3621; baseline 0.005 -20"><span class='ocrx_word' id='word_1_201' title='bbox 996 3536 1148 3605; x_wconf 77' lang='lat' dir='ltr'>rrum</span> <span class='ocrx_word' id='word_1_202' title='bbox 1170 3526 1210 3603; x_wconf 75' lang='grc' dir='ltr'>δι</span> <span class='ocrx_word' id='word_1_203' title='bbox 1235 3521 1854 3621; x_wconf 66' lang='lat' dir='ltr'>Wllebmdamsueurum</span> <span class='ocrx_word' id='word_1_204' title='bbox 1882 3525 1922 3608; x_wconf 87' lang='lat' dir='ltr'>in</span> <span class='ocrx_word' id='word_1_205' title='bbox 1947 3521 2138 3611; x_wconf 87' lang='lat' dir='ltr'>Veterum</span> <span class='ocrx_word' id='word_1_206' title='bbox 2158 3521 2384 3611; x_wconf 80' lang='lat' dir='ltr'>Geomerria</span> <span class='ocrx_word' id='word_1_207' title='bbox 2525 3591 2526 3598; x_wconf 13' lang='lat' dir='ltr'>a</span> 
     </span>
    </p>
   </div>
   <div class='ocr_carea' id='block_1_15' title="bbox 879 3630 2384 5141">
    <p class='ocr_par' dir='ltr' id='par_1_15' title="bbox 879 3630 2384 5141">
     <span class='ocr_line' id='line_1_25' title="bbox 994 3630 2383 3753; baseline 0.006 -36"><span class='ocrx_word' id='word_1_208' title='bbox 994 3630 1278 3740; x_wconf 71' lang='lat' dir='ltr'>versaturum,</span> <span class='ocrx_word' id='word_1_209' title='bbox 1307 3668 1443 3725; x_wconf 88' lang='lat' dir='ltr'>eorum</span> <span class='ocrx_word' id='word_1_210' title='bbox 1467 3642 1694 3753; x_wconf 87' lang='lat' dir='ltr'>principium</span> <span class='ocrx_word' id='word_1_211' title='bbox 1729 3670 1779 3726; x_wconf 85' lang='lat' dir='ltr'>ex</span> <span class='ocrx_word' id='word_1_212' title='bbox 1805 3636 2035 3753; x_wconf 88' lang='lat' dir='ltr'>Catoptrica</span> <span class='ocrx_word' id='word_1_213' title='bbox 2073 3645 2114 3725; x_wconf 94' lang='lat' dir='ltr'>in</span> <span class='ocrx_word' id='word_1_214' title='bbox 2136 3637 2383 3752; x_wconf 85' lang='lat' dir='ltr'>Dioptricam</span> 
     </span>
     <span class='ocr_line' id='line_1_26' title="bbox 942 3754 2384 3867; baseline 0.003 -29"><span class='ocrx_word' id='word_1_215' title='bbox 942 3776 946 3787; x_wconf 91' lang='grc'>’</span> <span class='ocrx_word' id='word_1_216' title='bbox 993 3776 1143 3839; x_wconf 88' lang='lat' dir='ltr'>tantum</span> <span class='ocrx_word' id='word_1_217' title='bbox 1172 3754 1387 3843; x_wconf 80' lang='lat' dir='ltr'>traduxisse.</span> <span class='ocrx_word' id='word_1_218' title='bbox 1413 3755 1640 3847; x_wconf 71' lang='lat' dir='ltr'><strong>SNELLII</strong></span> <span class='ocrx_word' id='word_1_219' title='bbox 1668 3760 1773 3845; x_wconf 90' lang='lat' dir='ltr'>enirn</span> <span class='ocrx_word' id='word_1_220' title='bbox 1807 3758 2037 3857; x_wconf 86' lang='lat' dir='ltr'>theorema,</span> <span class='ocrx_word' id='word_1_221' title='bbox 2074 3761 2181 3867; x_wconf 88' lang='lat' dir='ltr'>cujus</span> <span class='ocrx_word' id='word_1_222' title='bbox 2208 3760 2384 3843; x_wconf 88' lang='lat' dir='ltr'>meminit</span> 
     </span>
     <span class='ocr_line' id='line_1_27' title="bbox 879 3866 2381 3989; baseline 0.003 -35"><span class='ocrx_word' id='word_1_223' title='bbox 879 3870 881 3873; x_wconf 73' lang='grc'><strong>’</strong></span> <span class='ocrx_word' id='word_1_224' title='bbox 912 3866 943 3957; x_wconf 82' lang='grc'>,’</span> <span class='ocrx_word' id='word_1_225' title='bbox 993 3868 1114 3981; x_wconf 77' lang='lat' dir='ltr'>Iſsrcus</span> <span class='ocrx_word' id='word_1_226' title='bbox 1143 3868 1386 3965; x_wconf 82' lang='lat' dir='ltr'>Vossrus</span> <span class='ocrx_word' id='word_1_227' title='bbox 1418 3878 1459 3961; x_wconf 90' lang='lat' dir='ltr'>in</span> <span class='ocrx_word' id='word_1_228' title='bbox 1479 3870 1542 3961; x_wconf 91' lang='lat' dir='ltr'>sua</span> <span class='ocrx_word' id='word_1_229' title='bbox 1564 3874 1824 3960; x_wconf 73' lang='lat' dir='ltr'>dissertatione</span> <span class='ocrx_word' id='word_1_230' title='bbox 1843 3875 1908 3959; x_wconf 83' lang='lat' dir='ltr'>De</span> <span class='ocrx_word' id='word_1_231' title='bbox 1934 3874 2048 3959; x_wconf 78' lang='lat' dir='ltr'>Lucis</span> <span class='ocrx_word' id='word_1_232' title='bbox 2073 3903 2207 3959; x_wconf 74' lang='lat' dir='ltr'>mura</span> <span class='ocrx_word' id='word_1_233' title='bbox 2232 3877 2279 3969; x_wconf 69' lang='grc' dir='ltr'><em>ἀ</em></span> <span class='ocrx_word' id='word_1_234' title='bbox 2295 3904 2381 3989; x_wconf 78' lang='lat' dir='ltr'>pro-</span> 
     </span>
     <span class='ocr_line' id='line_1_28' title="bbox 983 3988 2373 4107; baseline 0.005 -35"><span class='ocrx_word' id='word_1_235' title='bbox 983 4002 1141 4101; x_wconf 77' lang='lat' dir='ltr'>prietate</span> <span class='ocrx_word' id='word_1_236' title='bbox 1155 4020 1195 4103; x_wconf 88' lang='lat' dir='ltr'>p.</span> <span class='ocrx_word' id='word_1_237' title='bbox 1223 4022 1289 4100; x_wconf 85' lang='lat'>37.</span> <span class='ocrx_word' id='word_1_238' title='bbox 1317 3994 1428 4107; x_wconf 92' lang='lat' dir='ltr'>quod</span> <span class='ocrx_word' id='word_1_239' title='bbox 1455 3989 1598 4077; x_wconf 89' lang='lat' dir='ltr'>scilicet</span> <span class='ocrx_word' id='word_1_240' title='bbox 1619 3988 1789 4077; x_wconf 89' lang='lat' dir='ltr'>secantes</span> <span class='ocrx_word' id='word_1_241' title='bbox 1816 3996 2190 4105; x_wconf 90' lang='lat' dir='ltr'>complementorum</span> <span class='ocrx_word' id='word_1_242' title='bbox 2211 3997 2373 4107; x_wconf 86' lang='lat' dir='ltr'>angulo·</span> 
     </span>
     <span class='ocr_line' id='line_1_29' title="bbox 991 4105 2382 4212; baseline 0.001 -20"><span class='ocrx_word' id='word_1_243' title='bbox 991 4136 1077 4197; x_wconf 89' lang='lat' dir='ltr'>rum</span> <span class='ocrx_word' id='word_1_244' title='bbox 1107 4109 1322 4193; x_wconf 79' lang='lat' dir='ltr'>incidentia</span> <span class='ocrx_word' id='word_1_245' title='bbox 1344 4116 1385 4193; x_wconf 82' lang='grc' dir='ltr'>δι</span> <span class='ocrx_word' id='word_1_246' title='bbox 1407 4110 1641 4197; x_wconf 74' lang='lat' dir='ltr'>restauionis</span> <span class='ocrx_word' id='word_1_247' title='bbox 1664 4111 1901 4193; x_wconf 87' lang='lat' dir='ltr'>constantem</span> <span class='ocrx_word' id='word_1_248' title='bbox 1929 4105 2080 4195; x_wconf 89' lang='lat' dir='ltr'>servent</span> <span class='ocrx_word' id='word_1_249' title='bbox 2100 4113 2310 4212; x_wconf 87' lang='lat' dir='ltr'>rationem,</span> <span class='ocrx_word' id='word_1_250' title='bbox 2343 4113 2382 4194; x_wconf 91' lang='lat' dir='ltr'>in</span> 
     </span>
     <span class='ocr_line' id='line_1_30' title="bbox 990 4222 2382 4340; baseline 0.001 -31"><span class='ocrx_word' id='word_1_251' title='bbox 990 4224 1097 4311; x_wconf 89' lang='lat' dir='ltr'>idem</span> <span class='ocrx_word' id='word_1_252' title='bbox 1126 4224 1240 4338; x_wconf 85' lang='lat' dir='ltr'>plane</span> <span class='ocrx_word' id='word_1_253' title='bbox 1272 4226 1410 4311; x_wconf 89' lang='lat' dir='ltr'>recidit</span> <span class='ocrx_word' id='word_1_254' title='bbox 1432 4256 1521 4311; x_wconf 92' lang='lat' dir='ltr'>cum</span> <span class='ocrx_word' id='word_1_255' title='bbox 1546 4222 1715 4340; x_wconf 88' lang='lat' dir='ltr'>ipsorum</span> <span class='ocrx_word' id='word_1_256' title='bbox 1746 4228 1975 4339; x_wconf 88' lang='lat' dir='ltr'>angulorum</span> <span class='ocrx_word' id='word_1_257' title='bbox 2010 4227 2150 4313; x_wconf 75' lang='lat' dir='ltr'>srnrlsus</span> <span class='ocrx_word' id='word_1_258' title='bbox 2186 4230 2382 4339; x_wconf 89' lang='lat' dir='ltr'>reciproce</span> 
     </span>
     <span class='ocr_line' id='line_1_31' title="bbox 989 4334 2381 4443; baseline 0.004 -20"><span class='ocrx_word' id='word_1_259' title='bbox 989 4334 1145 4433; x_wconf 75' lang='lat' dir='ltr'>sumtiss</span> <span class='ocrx_word' id='word_1_260' title='bbox 1188 4337 1477 4428; x_wconf 82' lang='lat' dir='ltr'>demonstrante</span> <span class='ocrx_word' id='word_1_261' title='bbox 1511 4344 1555 4428; x_wconf 95' lang='lat' dir='ltr'>id</span> <span class='ocrx_word' id='word_1_262' title='bbox 1592 4343 1802 4428; x_wconf 75' lang='lat' dir='ltr'>acutissimo</span> <span class='ocrx_word' id='word_1_263' title='bbox 1841 4339 2193 4443; x_wconf 69' lang='lat' dir='ltr'>Larem-nro,</span> <span class='ocrx_word' id='word_1_264' title='bbox 2237 4343 2381 4431; x_wconf 86' lang='lat' dir='ltr'>eodem</span> 
     </span>
     <span class='ocr_line' id='line_1_32' title="bbox 990 4457 2379 4575; baseline 0.006 -36"><span class='ocrx_word' id='word_1_265' title='bbox 990 4458 1082 4544; x_wconf 93' lang='lat' dir='ltr'>loco</span> <span class='ocrx_word' id='word_1_266' title='bbox 1104 4489 1155 4546; x_wconf 87' lang='lat' dir='ltr'>ex</span> <span class='ocrx_word' id='word_1_267' title='bbox 1185 4463 1297 4545; x_wconf 65' lang='lat' dir='ltr'>Allis</span> <span class='ocrx_word' id='word_1_268' title='bbox 1318 4460 1439 4543; x_wconf 86' lang='lat' dir='ltr'>citato</span> <span class='ocrx_word' id='word_1_269' title='bbox 1460 4492 1475 4551; x_wconf 70' lang='grc' dir='ltr'>ς</span> <span class='ocrx_word' id='word_1_270' title='bbox 1506 4462 1599 4575; x_wconf 90' lang='lat' dir='ltr'>quia</span> <span class='ocrx_word' id='word_1_271' title='bbox 1624 4486 1665 4547; x_wconf 89' lang='lat' dir='ltr'>et</span> <span class='ocrx_word' id='word_1_272' title='bbox 1693 4463 1735 4545; x_wconf 92' lang='lat' dir='ltr'>in</span> <span class='ocrx_word' id='word_1_273' title='bbox 1753 4457 1969 4547; x_wconf 86' lang='lat' dir='ltr'>universum</span> <span class='ocrx_word' id='word_1_274' title='bbox 1990 4491 2125 4548; x_wconf 88' lang='lat' dir='ltr'>verum</span> <span class='ocrx_word' id='word_1_275' title='bbox 2151 4458 2225 4548; x_wconf 83' lang='lat' dir='ltr'>effe</span> <span class='ocrx_word' id='word_1_276' title='bbox 2246 4460 2379 4547; x_wconf 85' lang='lat' dir='ltr'>facilli·</span> 
     </span>
     <span class='ocr_line' id='line_1_33' title="bbox 990 4578 2380 4693; baseline 0.006 -37"><span class='ocrx_word' id='word_1_277' title='bbox 990 4602 1055 4659; x_wconf 91' lang='lat' dir='ltr'>me</span> <span class='ocrx_word' id='word_1_278' title='bbox 1076 4578 1325 4664; x_wconf 85' lang='lat' dir='ltr'>demonstrari</span> <span class='ocrx_word' id='word_1_279' title='bbox 1346 4578 1507 4690; x_wconf 85' lang='lat' dir='ltr'>potest,</span> <span class='ocrx_word' id='word_1_280' title='bbox 1538 4579 1649 4692; x_wconf 92' lang='lat' dir='ltr'>quod</span> <span class='ocrx_word' id='word_1_281' title='bbox 1675 4582 1899 4693; x_wconf 83' lang='lat' dir='ltr'>quommvis</span> <span class='ocrx_word' id='word_1_282' title='bbox 1920 4579 2149 4691; x_wconf 88' lang='lat' dir='ltr'>angulorum</span> <span class='ocrx_word' id='word_1_283' title='bbox 2166 4578 2292 4680; x_wconf 88' lang='lat' dir='ltr'>smus,</span> <span class='ocrx_word' id='word_1_284' title='bbox 2313 4578 2380 4664; x_wconf 84' lang='lat' dir='ltr'>lint</span> 
     </span>
     <span class='ocr_line' id='line_1_34' title="bbox 990 4690 2322 4808; baseline 0.009 -38"><span class='ocrx_word' id='word_1_285' title='bbox 990 4694 1363 4800; x_wconf 88' lang='lat' dir='ltr'>complementorum</span> <span class='ocrx_word' id='word_1_286' title='bbox 1384 4690 1536 4780; x_wconf 90' lang='lat' dir='ltr'>suorum</span> <span class='ocrx_word' id='word_1_287' title='bbox 1551 4690 1765 4783; x_wconf 88' lang='lat' dir='ltr'>secantibus</span> <span class='ocrx_word' id='word_1_288' title='bbox 1785 4698 1979 4807; x_wconf 87' lang='lat' dir='ltr'>reciproce</span> <span class='ocrx_word' id='word_1_289' title='bbox 1998 4697 2322 4808; x_wconf 85' lang='lat' dir='ltr'>proportionales.</span> 
     </span>
     <span class='ocr_line' id='line_1_35' title="bbox 1048 4802 2377 4927; baseline 0.009 -38"><span class='ocrx_word' id='word_1_290' title='bbox 1048 4802 1304 4915; x_wconf 82' lang='lat' dir='ltr'>Sagaciffimus</span> <span class='ocrx_word' id='word_1_291' title='bbox 1335 4808 1386 4897; x_wconf 93' lang='lat' dir='ltr'><strong>H</strong></span> <span class='ocrx_word' id='word_1_292' title='bbox 1394 4836 1547 4902; x_wconf 75' lang='lat' dir='ltr'>UGEN</span> <span class='ocrx_word' id='word_1_293' title='bbox 1555 4834 1667 4915; x_wconf 75' lang='grc' dir='ltr'>ῐυε,</span> <span class='ocrx_word' id='word_1_294' title='bbox 1697 4814 1802 4897; x_wconf 89' lang='lat' dir='ltr'>haud</span> <span class='ocrx_word' id='word_1_295' title='bbox 1828 4814 1956 4897; x_wconf 90' lang='lat' dir='ltr'>multis</span> <span class='ocrx_word' id='word_1_296' title='bbox 1977 4814 2118 4899; x_wconf 92' lang='lat' dir='ltr'>abhinc</span> <span class='ocrx_word' id='word_1_297' title='bbox 2145 4818 2279 4915; x_wconf 89' lang='lat' dir='ltr'>annis,</span> <span class='ocrx_word' id='word_1_298' title='bbox 2311 4844 2377 4927; x_wconf 88' lang='lat' dir='ltr'>pe·</span> 
     </span>
     <span class='ocr_line' id='line_1_36' title="bbox 954 4918 2379 5049; baseline -0.001 -31"><span class='ocrx_word' id='word_1_299' title='bbox 954 4968 956 4973; x_wconf 55' lang='grc'>’</span> <span class='ocrx_word' id='word_1_300' title='bbox 988 4920 1171 5035; x_wconf 63' lang='lat' dir='ltr'>tulimus</span> <span class='ocrx_word' id='word_1_301' title='bbox 1190 4918 1294 5036; x_wconf 75' lang='lat' dir='ltr'>suam</span> <span class='ocrx_word' id='word_1_302' title='bbox 1313 4924 1535 5048; x_wconf 75' lang='lat' dir='ltr'>Catopuici</span> <span class='ocrx_word' id='word_1_303' title='bbox 1554 4926 1833 5048; x_wconf 87' lang='lat' dir='ltr'>Dioptticique</span> <span class='ocrx_word' id='word_1_304' title='bbox 1855 4930 1968 5043; x_wconf 84' lang='lat' dir='ltr'>hujus</span> <span class='ocrx_word' id='word_1_305' title='bbox 1994 4932 2243 5049; x_wconf 81' lang='lat' dir='ltr'>phauomeni</span> <span class='ocrx_word' id='word_1_306' title='bbox 2269 4931 2379 5039; x_wconf 87' lang='lat' dir='ltr'>dedit</span> 
     </span>
     <span class='ocr_line' id='line_1_37' title="bbox 2124 5078 2376 5141; baseline 0.004 -1"><span class='ocrx_word' id='word_1_307' title='bbox 2124 5098 2129 5103; x_wconf 86' lang='grc'><strong>’</strong></span> <span class='ocrx_word' id='word_1_308' title='bbox 2308 5078 2376 5141; x_wconf 61' lang='lat' dir='ltr'>eie</span> 
     </span>
    </p>
   </div>
   <div class='ocr_carea' id='block_1_16' title="bbox 0 0 2754 6884">
    <p class='ocr_par' dir='ltr' id='par_1_16' title="bbox 0 0 2754 6884">
     <span class='ocr_line' id='line_1_38' title="bbox 0 0 2754 6884; baseline 0 2"><span class='ocrx_word' id='word_1_309' title='bbox 0 0 2754 6884; x_wconf 95' lang='lat' dir='ltr'> </span> 
     </span>
    </p>
   </div>
  </div>
 </body>
</html>
