5500 6884
570 872 673 967 DE
727 864 945 960 Moru
997 858 1520 962 MUSCULORUM.
1661 910 1741 990 117

342 1070 568 1161 opportet,
597 1068 642 1129 ut
676 1042 729 1129 ad
764 1036 1064 1129 conservandam
1095 1046 1177 1151 ejus
1206 1044 1465 1146 inflationem,
1489 1049 1630 1161 quovis
1654 1078 1744 1135 mo·

342 1192 482 1251 mento
512 1160 730 1277 suggeratur
756 1189 862 1247 nova
891 1167 932 1246 dc
961 1162 1115 1272 :equalis
1142 1158 1350 1271 Spirituum
1376 1166 1596 1250 animalium
1622 1196 1743 1281 quan-

344 1290 463 1375 tum
497 1276 603 1367 secus
627 1279 953 1393 enim,aequabilis
978 1280 1182 1375 ebullitio,
1206 1307 1291 1390 quae
1323 1282 1457 1397 utique
1484 1283 1536 1366 ad
1558 1286 1746 1399 aequalem

344 1404 594 1485 mintionem
614 1394 787 1483 Musculi
815 1391 1114 1481 conservandam
1136 1392 1337 1481 necessaria
1360 1401 1437 1499 est,
1467 1429 1549 1485 non
1577 1400 1747 1487 efficere·

349 1545 430 1608 tur5
464 1521 551 1601 hac
575 1544 670 1629 ergo
692 1512 880 1599 stillicidia
916 1511 1023 1597 fluidi
1051 1542 1195 1599 nervos
1216 1514 1434 1627 implentis,
1457 1545 1553 1631 qua,
1570 1519 1750 1633 aquabili

352 1642 454 1721 fluxu
476 1636 772 1747 exprimuuttu,
797 1625 1022 1717 consument
1038 1629 1200 1745 Spiritus
1219 1633 1401 1717 animales
1419 1636 1460 1719 in
1482 1638 1633 1723 tatione
1649 1658 1750 1721 tem·

354 1782 521 1865 porum,
547 1758 589 1835 &
621 1748 785 1863 proinde
811 1746 954 1833 facient
979 1770 1048 1849 ut,
1078 1751 1118 1833 in
1148 1748 1342 1860 portando
1369 1779 1518 1852 onere,
1546 1756 1613 1838 vel
1646 1749 1750 1837 susti·

356 1870 490 1955 nendo
513 1866 713 1980 pondere,
738 1862 967 1951 lall'ttudines
995 1866 1156 1951 industae
1180 1860 1218 1953 se
1235 1867 1404 1953 habeant
1421 1871 1462 1951 in
1480 1872 1630 1955 ratione
1651 1896 1751 1958 tem·

292 2058 293 2073 ι
357 2015 519 2101 porum:
550 1978 669 2071 sedfi
747 1980 869 2068 ndera
895 1980 967 2067 sutt
992 1984 1214 2097 maqualia,
1241 1990 1283 2069 dc
1315 1983 1469 2070 divtrfis
1488 1988 1751 2101 temporibus,

358 2106 406 2187 ab
434 2101 586 2187 eodem
603 2094 659 2187 M
699 2100 788 2185 culo
816 2101 858 2185 in
885 2098 1024 2187 eadem
1044 2098 1247 2185 altitudine
1271 2094 1503 2195 sustinendat
1529 2128 1641 2190 erunt
1658 2102 1753 2189 laffi-

362 2222 520 2305 tudines
531 2221 573 2305 in
587 2219 736 2303 ratione
752 2215 965 2331 composita
984 2246 1033 2304 ex
1048 2219 1199 2303 tatione
1222 2242 1463 2329 temporum,
1488 2226 1529 2302 δι
1542 2225 1754 2307 erratione

364 2333 680 2450 respondentium
697 2334 954 2449 quantitattun
975 2334 1184 2449 Spirituum
1212 2334 1433 2421 aninulium
1451 2362 1533 2420 uno
1550 2364 1756 2422 momento

363 2450 683 2567 absumpronrm,
714 2480 799 2566 quae
834 2452 967 2539 haberi
997 2448 1176 2567 possunt,
1219 2478 1268 2539 ex
1299 2453 1531 2565 praecedenti
1558 2448 1754 2555 Tmolia,

364 2574 429 2675 rel
464 2572 636 2674 melius,
672 2594 721 2659 ex
742 2563 820 2687 ipsa
839 2573 1058 2687 aquatione
1088 2568 1140 2657 ad
1169 2565 1461 2687 Hyperbolum.

983 2813 1117 2907 XX.

423 3050 554 3141 Simili
582 3046 706 3141 modo
744 3050 863 3140 etiam
893 3049 1033 3166 gradus
1071 3052 1225 3139 roboris
1258 3048 1514 3141 determinate
1541 3049 1761 3167 pollemus:

367 3168 472 3262 Non
505 3173 610 3257 enim
637 3200 737 3287 opus
765 3172 842 3269 est,
871 3193 915 3253 ut
943 3196 1041 3253 unus
1069 3169 1192 3253 homo
1223 3168 1346 3281 duplo
1372 3174 1510 3279 majori
1536 3172 1651 3284 copia
1677 3165 1764 3282 Spi-

368 3296 514 3376 rituum
534 3290 702 3402 polleat,
731 3312 775 3371 ut
802 3286 846 3371 sit
863 3286 986 3403 duplo
1004 3286 1197 3371 robustior
1219 3314 1337 3399 quam
1363 3289 1478 3373 alius:
1505 3286 1632 3401 postto
1656 3314 1766 3371 nem·

368 3437 473 3523 que,
502 3407 604 3491 duos
629 3409 719 3490 istos
741 3405 919 3491 homines
945 3402 1100 3519 aqualis
1123 3399 1197 3487 else
1223 3404 1396 3517 corporis
1425 3395 1594 3509 statutae,
1620 3402 1768 3503 idest,

369 3526 518 3611 habere
554 3551 692 3607 omnes
730 3518 816 3607 suot
853 3518 1059 3609 Musculos
1088 3514 1295 3633 respedlive
1333 3520 1470 3608 stmiles
1501 3529 1542 3608 dc
1569 3522 1768 3637 aequalest

370 3642 633 3728 communiter
662 3638 792 3725 dicere
826 3632 991 3723 solemus
1019 3638 1182 3721 alterum
1212 3638 1337 3722 altero
1370 3637 1528 3753 duplo,
1561 3640 1678 3751 triplo
1705 3664 1772 3721 ro·

369 3762 589 3845 bustiorem
620 3754 727 3855 esse,
761 3782 850 3839 cum
887 3754 1042 3867 duplo,
1081 3755 1198 3865 triplo
1226 3757 1347 3862 majus
1376 3782 1476 3839 onus
1505 3755 1557 3838 ad
1586 3756 1775 3867 aequtlem

368 3875 622 3962 altitudinem
647 3874 800 3958 elevare
824 3873 927 3985 potis
957 3874 1032 3959 est:
1056 3898 1218 3969 verum,
1241 3896 1285 3954 ut
1301 3873 1380 3979 jam
1402 3866 1487 3954 bris
1514 3868 1774 3969 ostendimus,

292 4052 293 4059 κ
369 4020 500 4081 onera
526 3992 593 4077 vel
620 3990 794 4103 pondera
818 4018 900 4074 non
926 3982 1010 4072 sunt
1037 3988 1078 4071 in
1106 3991 1257 4071 ratione
1279 3989 1538 4100 quantitatum
1563 3984 1775 4099 Spirituum

292 4142 294 4249 p
370 4108 708 4223 absumptorum,
742 4102 879 4191 sedin
912 4107 1036 4191 multo
1075 4106 1247 4214 majori3
1289 4105 1461 4219 ideoque
1495 4131 1779 4219 nonnunquam

292 4250 293 4331 j
371 4227 537 4326 sufficit,
564 4250 609 4312 ut
633 4226 720 4340 quis
742 4224 809 4309 vel
839 4224 991 4307 tantillo
1017 4224 1144 4337 plures
1171 4219 1331 4334 Spiritus
1355 4224 1538 4308 animales
1559 4216 1775 4335 suppedita-

375 4378 419 4435 re
449 4342 564 4459 poffit
592 4368 710 4457 quam
740 4334 858 4440 aliut,
889 4339 940 4423 ad
965 4340 1151 4452 duplam,
1178 4342 1245 4425 vel
1277 4342 1464 4449 majorem
1486 4344 1569 4425 rim
1596 4364 1778 4427 exercen-

378 4466 488 4550 dam.
550 4458 630 4546 Sed
655 4460 747 4573 quia
773 4482 925 4571 tempus
953 4486 1018 4541 me
1051 4454 1214 4556 deficit,
1249 4462 1288 4541 δι
1322 4459 1398 4539 alia
1425 4460 1504 4542 alio
1539 4486 1605 4555 me
1633 4476 1782 4541 vocant

379 4580 570 4693 negotia,
599 4576 682 4661 hac
716 4604 802 4690 qua
826 4576 965 4687 raptim
1000 4568 1122 4686 scripsi
1153 4572 1267 4658 lusus
1296 4578 1454 4659 uastare
1482 4574 1708 4658 nonlicet:
1739 4568 1785 4656 id

380 4700 543 4784 uriom
569 4695 762 4779 monitum
788 4694 914 4791 volo,
940 4718 1028 4775 cum
1052 4687 1115 4775 hic
1141 4692 1359 4806 generalem
1376 4686 1648 4779 Musculorum
1671 4717 1786 4777 oeco-

383 4815 590 4913 nomiam,
616 4838 832 4925 eorumque
863 4810 1084 4893 motionum
1118 4810 1416 4921 explicationem
1451 4808 1603 4897 tradere
1637 4808 1812 4894 animus'

383 4930 540 5031 suerit,
572 4958 636 5013 me
666 4930 847 5041 primario
873 4923 1072 5012 attendisse
1113 4925 1163 5008 ad
1197 4954 1267 5011 eos
1294 4920 1535 5029 Musculos,
1564 4931 1634 5042 qui
1661 4928 1789 5011 motui

389 5050 568 5172 corpori?
591 5047 731 5153 locali,
759 5042 824 5141 seu
848 5070 1035 5157 exterus),
1061 5036 1293 5133 inserviunt:
1324 5038 1427 5159 Hoc
1448 5046 1564 5169 igitur
1584 5040 1792 5145 Lestorem

1181 5156 1216 5267 P.
1275 5190 1304 5279 3,
1706 5185 1791 5257 ooo
