5500 6884
952 804 1046 920 112
1101 720 1105 725 ’
1179 800 1315 894 Νη.
1374 783 2274 890 urrrrrurrrcrnrra

993 973 1270 1086 nonuunquam
1299 963 1463 1053 solidum
1482 963 1609 1066 illud,
1640 966 1790 1060 srverbi
1808 965 1954 1080 gratia,
1974 965 2018 1051 stt
2031 967 2229 1052 metallum
2245 967 2374 1082 quod-

966 1085 1108 1190 dam,
1137 1085 1238 1174 adeo
1262 1086 1440 1184 minutim
1470 1079 1691 1170 dilloltratur
1702 1141 1716 1181 ,
1748 1106 1791 1170 ut
1812 1081 1954 1196 liquori
1989 1107 2212 1198 percorum
2248 1082 2374 1172 itnnti

941 1282 949 1303 ,
995 1201 1140 1290 sceatur
1151 1263 1165 1303 ,
1196 1201 1273 1284 stne
1302 1201 1464 1302 notabili
1482 1198 1751 1312 pelluciditatis
1769 1193 1994 1312 dispendio,
2034 1223 2078 1288 ut
2104 1199 2190 1312 quis
2224 1224 2376 1313 putaret

997 1320 1193 1408 metallum
1212 1317 1372 1403 durante
1392 1315 1618 1404 ebullitione
1641 1318 1807 1400 inauras
1828 1311 2021 1415 avolasse,
2054 1339 2122 1402 aut
2142 1318 2280 1429 liquidi
2308 1345 2376 1402 na-

997 1459 1122 1522 turam
1135 1429 1317 1532 induille,
1332 1458 1420 1518 curn
1438 1458 1568 1516 tamen
1582 1433 1721 1544 liquori
1735 1429 2079 1536 formaliteradhuc
2098 1430 2182 1514 infit
2192 1491 2207 1531 ,
2237 1461 2376 1545 quem·
2389 1507 2404 1542 .-

999 1551 1213 1636 admodum
1246 1577 1295 1639 ex
1328 1549 1627 1662 precipitatione
1662 1569 1780 1660 patet.
1843 1543 1975 1652 Quod
2006 1547 2057 1632 ad
2094 1549 2197 1630 tertii
2226 1552 2377 1662 generis

997 1661 1331 1754 Effervescentiam
1362 1665 1499 1752 attinet
1511 1723 1525 1763 ,
1556 1663 1646 1778 quia
1672 1664 1788 1748 unico
1806 1681 1955 1746 tantum
1976 1662 2242 1774 experimento
2252 1691 2300 1748 ea
2323 1663 2376 1746 ad

996 1783 1155 1868 oculum
1181 1777 1427 1868 demonstrari
1450 1781 1597 1894 potest,
1638 1775 1855 1866 differemus
1884 1780 1965 1886 ejus
1992 1778 2185 1868 historiam
2192 1837 2207 1879 ‚
2246 1778 2378 1866 donec

997 1899 1051 2004 ad
1069 1900 1320 2012 experimenti
1337 1897 1449 2016 lpfius
1483 1898 1778 2013 explicationem
1803 1895 2082 2009 perveniemus.

1618 2121 1769 2220 Vll·
1852 2197 1867 2226 .

1058 2363 1141 2454 His
1163 2365 1217 2451 ita
1237 2353 1451 2466 recenfitis,
1482 2357 1733 2478 procedamus
1752 2357 1804 2446 ad
1816 2351 1963 2448 caubm
1982 2357 2163 2448 mirabilis
2181 2363 2294 2472 hujus
2310 2359 2378 2448 fif-

1000 2477 1255 2595 iervescentia
1277 2481 1544 2593 inquirendam
1567 2517 1579 2567 t
1608 2477 1720 2594 quod
1742 2503 1855 2563 uteo
1877 2477 2025 2564 felicius
2046 2481 2280 2590 praestemus,
2309 2507 2379 2564 an-
2529 2489 2530 2494 '

1000 2625 1042 2685 te
1065 2602 1197 2683 omnia
1220 2596 1365 2684 necelse
1389 2601 1483 2698 erit,
1514 2622 1557 2682 ut
1582 2597 1850 2710 premittamus
1871 2595 2055 2709 principia
2080 2598 2262 2680 naturalia
2294 2591 2382 2679 lucie

1002 2715 1284 2828 intelligibilia,
1315 2721 1356 2798 &
1379 2716 1429 2799 ab
1452 2714 1633 2798 omnibus
1651 2709 1763 2796 facilc
1782 2711 2051 2824 concedendas
2084 2739 2133 2798 ex
2150 2711 2290 2824 quibus
2309 2711 2382 2796 de·

824 2897 830 2904 ’
1003 2826 2075 3060 Εὲιῗέθηῗῗὲζᾙὲὲὲῐῗεᾜῖῗῗὲωῆῃὲὒῖ
2088 2826 2384 3060 llll&

1004 3065 1122 3149 tionis
1154 3063 1419 3173 phaenomena.
1480 3059 1585 3168 Quae
1614 3065 1719 3148 enim
1744 3061 1961 3144 naturaliter
1993 3085 2246 3174 peragtmntr,
2271 3055 2385 3176 ¹quid

1004 3180 1246 3375 eursu
1266 3177 1678 3289 s
1717 3289 2053 3376 u„
2235 3171 2381 3372 :1⁶55

1005 3407 1131 3490 litates
1148 3319 1471 3490 occffiscnescig
1485 3296 1973 3519 dudsxggbilitdffrdngmex
1995 3317 2387 3521 quibitbeindiscrqimi-

1003 3521 1125 3606 natim
1142 3522 1319 3604 omniurn
1340 3547 1466 3604 rerum
1483 3515 1608 3605 caubt
1628 3523 1891 3613 dedtuteruntr
1923 3525 2100 3636 generale
2121 3517 2207 3606 sane
2242 3523 2383 3634 princi-

1002 3635 1134 3751 pium,
1164 3642 1206 3720 dc
1228 3631 1502 3749 compendiosa
1520 3633 1814 3751 philosophandi
1837 3640 2070 3741 methodus,
2100 3639 2151 3726 ad
2173 3665 2289 3754 quarn
2310 3637 2385 3722 ad·

1002 3747 1221 3838 discendam
1237 3755 1442 3839 triennium
1460 3781 1542 3838 non
1562 3759 1828 3867 requirerentr.
1878 3753 1976 3842 Sunt
1997 3761 2037 3840 δι
2049 3757 2190 3870 aliqui,
2220 3757 2383 3868 quirem

998 3895 1076 3953 acu
1103 3867 1264 3984 tetigilie
1285 3891 1443 3984 putant,
1474 3897 1563 3954 cum
1581 3869 1738 3964 dicunt3
1769 3869 1852 3953 dari
1884 3895 2026 3956 certam
2048 3873 2242 3986 quandam
2261 3877 2301 3955 δι
2322 3871 2380 3954 in-

865 4009 869 4016 ·
1005 4007 1135 4068 natam
1160 3986 1410 4100 antipathiam
1432 3986 1531 4072 inter
1549 4013 1713 4100 corpora
1737 3987 1788 4070 ad
1806 3981 2127 4076 effervescendum
2150 4011 2392 4104 opportunae

1008 4127 1095 4214 quae
1129 4130 1218 4186 cum
1240 4105 1550 4214 conjunguntur,
1580 4103 1637 4188 ob
1659 4129 1884 4216 perpetuam
1902 4105 2139 4193 inimicitiam
2171 4133 2291 4192 unum
2325 4103 2382 4190 al·

1007 4239 1139 4306 terum
1159 4213 1387 4330 supprimere
1410 4221 1561 4311 conatir
1592 4219 1682 4306 hinc
1692 4222 1783 4308 oriri

1196 4391 1271 4500 Ista
1290 4403 1467 4504 repentino
1478 4393 1668 4505 surgentia
1681 4397 1806 4506 prelia
1828 4421 1936 4482 motu.

1005 4559 1108 4666 Sed,
1138 4561 1288 4680 queso,
1307 4569 1393 4680 quis
1404 4569 1630 4680 corporibus
1651 4569 1725 4654 illis
1745 4571 1973 4684 potestatem
1992 4569 2185 4688 preliandi
2214 4567 2382 4656 indidit?

1002 4683 1093 4792 ‚quis
1113 4681 1299 4767 clallicum
1319 4684 1486 4770 cecinit?
1518 4711 1648 4771 annon
1671 4687 1853 4773 vincendi
1872 4689 2125 4794 alendarum,
2183 4717 2290 4806 ugnae
2311 4713 2398 4770 etr·-

1005 4795 1165 4906 piditas,
1195 4807 1236 4884 &
1259 4799 1392 4884 odium
1422 4801 1680 4916 inexpiabile,
1723 4833 1806 4918 quo
1835 4799 1876 4890 ie
1908 4832 2046 4894 mutuo
2071 4717 2379 4944 proliquunturs
2529 4853 2530 4856 ¹

1004 4905 1088 4999 lunt
1108 4913 1292 5030 putores
1319 4919 1469 5036 minui
1498 4945 1663 5038 corpore
1691 4947 1786 5038 ergo
1814 4923 2019 5030 inatdtuata
2043 4923 2148 5016 unde
2177 4937 2397 5124 22ch*
