5500 6884
668 859 785 952 DE
836 858 1461 961 numerumn.
1574 851 1579 869 ¹
1713 907 1798 986 279

399 1035 637 1151 argumentis
676 1035 910 1132 evitentnt,
940 1037 982 1116 dt
1012 1058 1217 1146 propterea
1250 1037 1288 1132 ei
1317 1059 1445 1123 totum
1484 1033 1801 1156 sanguificationis

402 1181 568 1249 munus,
599 1149 710 1263 quod
739 1148 789 1234 ab
810 1149 918 1232 omni
943 1153 1172 1263 antiqmttte
1194 1150 1379 1266 gesserat,
1412 1157 1642 1268 eripuerunt.
1681 1151 1801 1246 Lediu

342 1363 351 1376 ³
402 1270 576 1382 inprimis
601 1267 718 1380 digna
747 1260 832 1350 sunt
859 1259 1098 1356 Lowunl
1120 1271 1383 1382 experimenta
1404 1271 1505 1356 hunc
1535 1273 1575 1356 in
1592 1273 1708 1359 finem
1727 1269 1801 1358 ins-

403 1389 543 1483 tituta,
573 1406 619 1467 ut
647 1389 690 1468 uc
719 1409 805 1494 quae
827 1375 988 1464 Thomas
1014 1380 1470 1486 BARTHOLINUS,
1501 1390 1570 1501 qui
1591 1415 1703 1474 antea
1724 1383 1807 1502 ipse

404 1503 567 1584 viriliter
594 1527 667 1611 pro
696 1499 845 1610 hepatis
886 1499 1082 1586 firnoione
1119 1505 1375 1604 militaverat,
1408 1503 1565 1594 taudem
1593 1533 1691 1596 veto
1719 1533 1808 1592 me·

408 1619 507 1702 liora
533 1615 693 1704 edouu
716 1618 759 1701 in
784 1617 967 1730 exequias
997 1619 1079 1725 ejus
1110 1613 1340 1732 conscripfit.
1724 1642 1729 1654 ’

471 2079 633 2202 Chyius
667 2084 803 2199 itaque
841 2109 894 2170 est
931 2107 1035 2170 vena
1061 2078 1256 2172 subclavia
1285 2087 1474 2175 cominuo
1503 2089 1543 2174 ln
1586 2083 1809 2205 sanguinem

408 2208 630 2302 instillatus,
664 2229 753 2286 eum
770 2229 822 2287 eo
834 2204 1102 2316 progreditur,
1129 2203 1386 2320 dextrumque
1411 2209 1536 2290 statim
1557 2208 1684 2294 cordis
1707 2238 1805 2292 ven-

407 2326 593 2407 triculum
614 2317 816 2430 pervadit,
846 2319 988 2406 exinde
1015 2345 1086 2430 ptr
1108 2321 1314 2434 pulmones
1334 2324 1471 2412 itinere
1491 2317 1673 2424 emenso,
1706 2319 1808 2406 sinis-
1845 2320 1850 2329 ’

410 2462 515 2524 trum
545 2433 673 2520 cordis
704 2435 913 2520 thalamum
941 2431 1064 2534 subit,
1105 2463 1179 2523 nec
1217 2464 1366 2524 motam
1394 2439 1533 2538 nedlit,
1575 2433 1641 2526 sed
1668 2439 1807 2528 validis

408 2556 556 2640 iteratis
585 2550 754 2665 pulsibus
785 2551 1007 2663 exploditur
1024 2551 1065 2634 in
1090 2553 1266 2637 arteriam
1289 2561 1465 2654 aonam,
1499 2583 1548 2640 ex
1578 2555 1648 2638 hae
1678 2558 1718 2638 in
1748 2577 1808 2638 ra·
1955 2545 1957 2550 ’

409 2701 521 2772 mos,
553 2698 603 2754 ex
630 2669 745 2753 ramis
772 2669 813 2752 in
845 2670 1014 2753 minores
1045 2671 1228 2772 arterias,
1257 2698 1308 2754 ex
1338 2671 1414 2760 iuis
1452 2670 1492 2754 in
1523 2671 1718 2782 capillares
1750 2671 1810 2753 in·

409 2788 627 2874 desinenter
656 2781 929 2896 profunditur,
957 2786 1063 2872 unde
1091 2789 1230 2872 iterum
1260 2781 1424 2872 inverso·
1442 2785 1580 2874 ordine
1610 2815 1659 2872 ex
1688 2811 1809 2870 venu-

408 2905 460 2989 lis
481 2901 693 2986 minoribus
706 2901 1158 3010 inmajoresrecolledius
1186 2898 1239 2985 ad
1266 2929 1336 2986 tor
1352 2904 1568 2993 revehiturr
1600 2896 1667 2988 sed
1695 2903 1810 3002 nullis

410 3009 786 3116 induciis'tonceffis,
806 3017 973 3103 eundern
983 3020 1124 3132 repetit
1136 3019 1361 3118 circuitum,
1391 3019 1500 3129 itque
1516 3012 1695 3132 reditque
1713 3013 1809 3108 sem,-

410 3165 484 3252 per
498 3133 798 3224 eandemviamr
823 3157 941 3246 atque
961 3137 1002 3216 in
1018 3135 1097 3220 hoc
1118 3133 1284 3217 confistit
1292 3134 1342 3216 ab
1361 3135 1543 3218 omnibus
1562 3136 1638 3240 jam
1656 3157 1815 3244 recepta

409 3252 615 3343 eirculatio
642 3242 830 3362 sanguinis
860 3250 911 3333 ab
939 3246 1242 3343 Hnuvnuo
1270 3251 1445 3360 primitus
1486 3247 1672 3346 dtttdla,
1707 3249 1812 3361 post-

444 3395 532 3453 uam
564 3365 632 3450 diu
673 3364 776 3450 adeo
806 3363 992 3469 latuisset,
1039 3395 1123 3451 non
1151 3365 1228 3450 sme
1266 3362 1536 3476 exprobranda
1578 3359 1816 3478 superiorum

412 3395 639 3570 szculonm
660 3485 843 3580 taecitate.
874 3477 1030 3598 Chylus
1054 3485 1133 3569 hoc
1163 3479 1288 3566 modo
1312 3491 1408 3570 'curn
1438 3475 1618 3594 sangnine
1641 3479 1812 3580 delatus,

412 3601 468 3685 ab
498 3627 550 3685 eo
579 3591 712 3683 sensim
741 3593 952 3710 subigitur,
982 3599 1235 3714 excoquitur,
1257 3602 1299 3680 δι
1320 3597 1540 3684 elaboratur
1551 3659 1566 3699 ,
1590 3599 1643 3682 ita
1662 3601 1706 3680 u't
1728 3625 1816 3710 par,-

417 3719 544 3802 ticulae
570 3716 677 3828 chyli
704 3709 918 3827 sanguineis
945 3715 1083 3800 smriles
1111 3741 1136 3796 a
1165 3713 1325 3826 reliquis
1350 3709 1589 3825 separentur,
1625 3709 1815 3826 sanguini·

417 3862 500 3947 que
527 3833 583 3916 ob
605 3829 903 3917 ,fimilitudinem
930 3829 1042 3918 facile
1071 3827 1324 3929 alsotIentur,
1354 3831 1512 3942 relique
1542 3851 1698 3927 autem,
1726 3853 1813 3937 quae

415 3951 476 4034 ob
507 3948 879 4062 heterogeneitatem
910 3947 1113 4062 figurarum
1142 3949 1196 4032 ita
1225 3944 1360 4030 intime
1402 3973 1496 4030 cum·
1520 3940 1699 4054 sanguine
1728 3919 1812 4024 mis-

418 4068 498 4150 teri
526 4092 609 4150 non
636 4059 817 4178 possunt,
857 4066 971 4148 variis
1000 4089 1142 4150 natura
1169 4064 1244 4148 viis
1272 4089 1321 4144 ex
1348 4089 1515 4174 torpore
1557 4059 1815 4175 eliminentur.

413 4177 536 4267 Dum
565 4183 670 4268 enim
698 4207 767 4290 per
794 4181 901 4266 varia
928 4175 1071 4270 viscera
1097 4175 1212 4264 masse
1253 4172 1455 4289 sanguinea
1497 4177 1703 4290 trajicitur,
1741 4199 1818 4287 pro

419 4301 573 4384 ratione
603 4321 800 4382 meatuum
829 4320 956 4408 partes
984 4293 1385 4408 ipsrsaccommodatae
1414 4295 1465 4380 ab
1480 4321 1527 4380 ea
1556 4288 1817 4378 secernuntur·
1842 4401 1846 4406 Ι

420 4412 527 4502 Non
556 4439 662 4502 certe
692 4415 786 4497 alius
815 4412 1043 4526 quarendus
1071 4415 1127 4496 est
1154 4405 1474 4524 sangnificationis
1502 4409 1668 4506 modus,
1698 4430 1818 4518 quatu

421 4529 551 4626 modo
580 4530 723 4624 didus,
754 4531 823 4644 qui
853 4528 1019 4615 consistit
1048 4551 1201 4612 tantum
1220 4530 1264 4610 iu
1295 4526 1428 4612 debita
1457 4528 1560 4638 chyli
1589 4523 1817 4638 permixtio·

422 4676 477 4732 ne
506 4677 595 4733 cum
623 4643 831 4759 sanguiue,
861 4652 903 4730 dt
931 4648 973 4730 in
1011 4671 1121 4728 mora
1157 4639 1353 4728 sufficienti
1394 4643 1559 4752 plurium
1601 4637 1818 4724 circulatio·
1884 4711 1890 4723 .

426 4792 551 4848 num:
582 4767 706 4875 prima
734 4765 879 4846 etenim
908 4762 1077 4847 alterave
1112 4759 1158 4852 ‚id
1196 4787 1295 4870 opus
1323 4785 1404 4839 non
1434 4758 1568 4840 statim
1596 4755 1789 4868 peragitur
1801 4781 1818 4850 ;

427 4883 525 4964 teste
554 4879 814 4992 experientia,
843 4907 932 4995 φιτ
972 4878 1114 4978 dotet,
1145 4872 1312 4990 quodsi
1349 4874 1528 4972 animali,
1558 4897 1724 4986 quatuor
1752 4869 1822 4954 vel

427 4999 604 5114 ‘lufflque
634 4997 740 5090 horit
768 4999 855 5108 post
879 4997 1086 5112 largiorem
1115 4995 1288 5109 pallum,
1318 4993 1457 5079 arteria
1492 4989 1558 5080 vel
1586 5017 1687 5078 vena
1713 5013 1821 5185 qtpiq
