5500 6884
527 867 635 958 aa
701 857 1555 962 runMuurArtoua.
1703 909 1751 997 31

378 1039 718 1128 fermentationem
740 1047 820 1146 tion
845 1041 998 1152 peragit
1032 1041 1137 1146 cujus
1166 1041 1266 1122 ratio
1287 1039 1366 1122 haec
1398 1042 1452 1123 est
1465 1052 1495 1138 ,¹
1509 1043 1624 1153 quia,
1656 1067 1757 1126 tem«

382 1159 528 1268 pestate
546 1155 659 1240 valde
681 1153 841 1268 frigida,
872 1162 975 1254 air,
994 1180 1065 1243 ceu
1106 1179 1243 1240 notum
1261 1155 1327 1240 'est
1360 1185 1409 1248 ex
1437 1157 1756 1258 thermometris,
1866 1230 1869 1235 .

381 1273 471 1386 pius
494 1266 607 1356 solito
643 1264 918 1371 condensatur,
958 1267 1121 1384 proinde
1153 1273 1448 1379 majorem‘virn
1479 1272 1667 1356 elailicam
1693 1302 1757 1356 ac-

382 1389 525 1498 quirits
556 1385 730 1500 polstbile
751 1387 881 1502 itaque
908 1389 987 1488 est,
1019 1411 1063 1470 ut
1076 1388 1155 1471 haec
1177 1392 1299 1496 major
1321 1384 1390 1486 stt,
1414 1387 1479 1472 uel
1501 1381 1630 1471 saltem
1647 1417 1760 1501 aque

383 1503 541 1600 valens,
571 1530 616 1586 ac
630 1505 824 1592 elaterium
840 1505 936 1592 aeris
955 1505 1129 1588 contenti
1150 1505 1248 1586 intra
1263 1505 1463 1617 particulas
1481 1504 1613 1603 alcali,
1653 1504 1756 1598 adeo

385 1642 448 1717 ut,
480 1617 933 1730 etiamsrhaeapatticulis
946 1619 1046 1705 acidi
1064 1617 1345 1733 diffringantur,
1377 1644 1545 1704 attamen
1563 1621 1756 1706 aerinclu,

385 1719 466 1832 sus,
496 1735 553 1818 ob
577 1733 818 1822 resistentiam
869 1737 1150 1847 rapollentem,
1171 1736 1237 1826 vel
1258 1737 1594 1848 aequipollentem,
1639 1737 1757 1820 elatea

384 1850 429 1933 tii
450 1853 545 1934 alitis
569 1849 799 1951 ambientis,
838 1766 912 1936 sese
948 1853 1171 1936 extendere
1193 1876 1386 1966 nequeat,
1419 1850 1544 1964 ficque
1581 1877 1666 1936 rota
1682 1851 1758 1936 fer,

384 1965 571 2049 mentatio
595 1965 941 2078 impediaturrltinc
963 1962 1256 2054 solentPistores
1274 1975 1313 2051 δι
1327 1961 1479 2060 Matres
1492 1966 1649 2051 familias
1663 1962 1757 2050 mas

385 2073 462 2164 sam
480 2085 585 2190 panis
608 2081 908 2194 sermentandam
934 2085 1107 2170 calidiori
1133 2085 1224 2168 loco
1251 2111 1470 2193 exponere,
1500 2106 1544 2167 ut
1572 2086 1644 2166 hac
1680 2112 1706 2165 o
1734 2112 1759 2165 e

385 2197 445 2279 vis
467 2197 615 2285 elastica
632 2202 729 2282 a'eris
753 2199 957 2284 ambientis
993 2199 1240 2302 debilitetur,
1271 2205 1311 2282 δι
1350 2205 1414 2289 aer
1443 2195 1562 2283 narie
1597 2200 1674 2282 incl
1714 2227 1757 2280 us

380 2335 435 2396 eo
456 2309 601 2396 facilius
620 2307 658 2398 se
683 2311 793 2425 polsrt
819 2312 1047 2426 expandere.
1107 2309 1167 2400 Ex
1196 2309 1303 2426 supra
1329 2314 1437 2397 distis
1463 2342 1622 2428 quoque
1650 2307 1758 2397 cons

384 2451 462 2526 tat,
494 2457 560 2513 cur
586 2426 698 2518 massa
719 2431 826 2538 panis
839 2428 1063 2534 fermentata
1075 2431 1114 2512 in
1125 2429 1236 2515 fitrno
1250 2429 1467 2525 attollatur,
1483 2457 1562 2511 non
1575 2459 1671 2512 vero
1683 2429 1757 2513 fer,

384 2568 575 2648 mentata,
620 2546 730 2628 instar
759 2545 968 2656 placenta,
1009 2541 1177 2656 depressa
1209 2569 1397 2628 maneat:
1443 2543 1619 2628 fermenti
1654 2547 1757 2628 enim

383 2659 552 2759 auxilio,
580 2661 771 2772 particula
789 2661 899 2764 alcali
931 2658 1187 2750 divelluntur,-
1221 2690 1302 2774 quo
1314 2659 1392 2757 lit,
1434 2684 1477 2742 ut
1508 2655 1758 2746 condensatus

383 2780 471 2874 aet,
502 2778 544 2858 itt
565 2775 650 2888 ipsrs
670 2770 831 2860 inclusus
842 2835 857 2876 ,
888 2767 963 2862 sese
982 2773 1142 2874 dilatet,
1174 2801 1375 2889 totamque
1393 2771 1545 2860 massam
1574 2775 1755 2857 attollatr

382 2895 448 2974 aer
469 2893 615 3002 'quippe
636 2893 701 2974 istc
725 2891 928 2989 dilatatus,
961 2891 1015 2974 ob
1044 2884 1294 2976 visciditatem
1317 2887 1463 2989 massar,
1508 2894 1605 2974 intra
1627 2917 1757 2970 mane,

381 3031 424 3092 te
440 3008 622 3114 cogitur,
652 3033 746 3102 nec,
782 3004 874 3088 licut
884 3007 923 3087 in
943 3003 1297 3092 fermentationibus
1310 3008 1527 3118 liquorum,
1540 3001 1674 3086 sursum
1684 3002 1757 3086 ser-

382 3143 471 3216 tut,
504 3121 622 3228 inque
645 3143 753 3204 auras
770 3117 922 3204 avolare
958 3117 1152 3230 ideoque,
1185 3119 1342 3202 fisurno
1370 3118 1552 3200 calefacto
1584 3117 1757 3214 indatur,

381 3234 510 3318 adhuc
521 3233 641 3344 magis
651 3242 718 3313 adr
726 3231 964 3314 isleacalore
976 3231 1218 3330 extenditur,
1234 3239 1273 3314 &
1285 3231 1333 3314 fic
1343 3255 1522 3342 oportet,
1545 3234 1704 3343 utpanis
1718 3233 1758 3320 in

383 3373 527 3432 tantam
550 3347 696 3430 molem
717 3339 971 3430 intumescat:
992 3345 1019 3428 st
1038 3375 1155 3442 vero,
1178 3344 1297 3431 massae
1320 3345 1513 3429 farinacea
1523 3349 1669 3429 nullum
1682 3345 1756 3432 ser.

384 3487 554 3546 mentum
580 3453 766 3560 addatur,
795 3488 916 3572 aquo
934 3461 1148 3572 particule,
1178 3463 1219 3548 iu
1248 3461 1389 3574 quibus
1411 3468 1474 3546 aer
1508 3457 1758 3550 condensatus

382 3577 608 3678 includitur,
638 3575 806 3686 disstingi
834 3599 1003 3686 queantt
1046 3577 1182 3658 mirum
1203 3604 1284 3660 non
1317 3578 1397 3673 est,
1442 3577 1552 3688 quod
1578 3579 1685 3688 panis
1716 3581 1757 3660 in

377 3689 495 3780 sueno
511 3721 592 3776 non
615 3693 832 3781 attollaturr
863 3693 956 3802 quia
977 3713 1058 3774 turn
1079 3691 1181 3772 nulla
1202 3689 1306 3782 adest
1317 3693 1377 3772 vis
1399 3691 1589 3774 extenfiva
1600 3726 1612 3781 ς
1645 3691 1757 3803 Γιιῃιί,Ι

340 3903 347 3908 ,
383 3809 473 3894 dem
494 3813 560 3892 aet
576 3868 590 3908 ,
608 3809 735 3892 adhuc
756 3833 906 3892 cartem
937 3801 1001 3889 suo
1016 3803 1231 3902 detentus,
1272 3800 1439 3887 vinculis
1458 3835 1508 3889 ue
1546 3833 1625 3890 non
1655 3799 1755 3890 solu„

380 3944 464 4026 tus,
494 3951 623 4035 neque
648 3951 671 4010 a
693 3923 844 4020 calore,
876 3949 1003 4032 neque
1018 3923 1172 4032 propria
1193 3922 1234 4004 vi
1253 3920 1402 4006 elaslica
1428 3833 1670 4031 seexplicare
1688 3946 1756 4004 va.

378 4041 448 4127 let.
508 4035 644 4138 Hinc,
664 4037 702 4120 'st
720 4039 826 4149 panis
849 4039 921 4124 rite
942 4035 1186 4120 fermentatus
1216 4063 1285 4147 per
1323 4035 1495 4121 medium
1526 4031 1755 4136 dissecetur,

381 4179 466 4240 tota
485 4150 687 4238 substantia
707 4147 844 4274 porosa
866 4157 906 4236 &
934 4151 1019 4235 laxa
1040 4151 1235 4240 videbitur
1241 4211 1256 4252 ,
1276 4153 1315 4233 in
1335 4179 1412 4262 qua
1429 4151 1631 4238 innumerae
1646 4147 1754 4237 cons

380 4274 570 4386 picientut
594 4297 718 4354 caveae
756 4275 797 4352 δι
820 4265 1031 4366 foramina,
1063 4269 1202 4378 quibus
1227 4295 1365 4377 nempe
1389 4271 1482 4365 air,
1506 4261 1559 4353 sui
1587 4267 1677 4375 juris
1698 4266 1754 4351 sa.

381 4391 485 4486 etus,
515 4383 725 4484 insidebat,
757 4377 872 4498 seque
894 4383 1140 4467 extendendo
1160 4381 1255 4465 smus
1286 4384 1376 4466 istos
1415 4381 1626 4473 formabarr
1665 4411 1755 4469 cunr

371 4525 538 4601 contra,
572 4493 772 4587 substantia
798 4499 909 4612 panis
937 4525 1018 4580 non
1048 4495 1263 4586 fermentati
1291 4493 1335 4581 stt
1365 4496 1579 4580 admodum
1607 4495 1752 4605 crassa,

371 4619 604 4728 eompaua,
632 4623 675 4700 dt
696 4612 876 4700 omnibus
882 4615 988 4725 poris
1002 4607 1209 4726 conspicuis
1225 4612 1428 4712 destituta,
1456 4608 1751 4712 adinsiarcasei,

378 4731 494 4846 quod
510 4731 842 4816 cermmindicitun
860 4731 913 4814 est
936 4730 1030 4814 airis
1047 4731 1086 4813 in
1105 4730 1214 4816 alcali
1237 4726 1429 4842 particulis
1441 4727 1566 4814 adhuc
1573 4728 1726 4816 latentis
1736 4795 1751 4836 ‚

378 4842 615 4960 vinculisque
646 4847 827 4944 coerciti,
871 4845 1077 4956 quominus
1102 4848 1182 4928 vim
1208 4838 1309 4928 suam
1354 4841 1585 4928 extenstvam
1623 4876 1755 4936 exere..

373 4983 425 5072 ‚cs
444 4963 626 5080 macerit.
685 4955 852 5056 Necesse
873 4962 1003 5078 itaque
1022 4962 1097 5063 est,
1128 4957 1585 5080 quemadmodumpatet
1616 4965 1755 5169 exffldi-

968 5171 971 5178 ,
1195 5123 1197 5132 ’
1317 5167 1331 5180 ,
1707 5105 1752 5188 S,
