5500 6884
1009 947 1102 1052 '2'56
1271 929 1352 1029 N⁰.
1383 926 1458 1025 LI.
1488 925 1572 1024 Dr:
1593 923 1927 1024 fflERRIMO
1947 921 2237 1022 DESCENSU.

1002 1107 1112 1186 sumta
1150 1105 1277 1203 ubique
1300 1109 1447 1184 Ps==
1465 1106 1556 1182 arcui
1583 1107 1691 1197 les
1725 1121 1799 1176 tuns
1835 1097 2036 1175 describatur
2072 1105 2186 1177 Curva
2226 1101 2409 1200 algebraios

1003 1215 1034 1287 A
1050 1211 1087 1283 V
1099 1210 1160 1297 X,
1182 1207 1269 1281 farta
1293 1210 1318 1281 P
1333 1211 1367 1282 V
1385 1225 1454 1270 Ξ
1469 1205 1568 1292 ΝΤ,
1590 1209 1674 1278 &ex
1686 1207 1813 1300 pundo
1826 1193 2110 1276 intersedionisX
2129 1201 2324 1276 demittatur
2338 1230 2408 1298 per.

1006 1309 1227 1404 pendicularis
1247 1309 1358 1394 XM,
1380 1307 1505 1402 eritque
1526 1323 1565 1377 ut
1592 1303 1711 1398 supra,
1728 1303 1814 1376 AM
1840 1300 1881 1372 ad
1902 1301 1992 1384 AB,
2033 1293 2114 1372 licut
2141 1301 2294 1374 distantia
2339 1327 2408 1395 per.

1008 1408 1177 1502 pendiculi
1200 1431 1218 1478 a
1239 1411 1366 1499 pundo
1397 1413 1425 1481 A
1447 1407 1490 1477 ad
1510 1405 1710 1476 diametrum
1733 1398 1858 1474 Circuli
1873 1395 2008 1490 quaesiti.
2061 1401 2154 1473 Nota
2169 1417 2308 1488 tamen,
2330 1402 2409 1474 Pro·

1009 1504 1122 1578 blema
1143 1503 1319 1600 simplicius
1340 1501 1485 1600 quodam
1514 1502 1616 1576 modo
1638 1497 1784 1573 construi
1812 1495 2043 1570 intersetlione
2064 1495 2162 1570 solius
2178 1497 2289 1571 Lineae
2313 1496 2408 1570 suno-

1013 1603 1134 1691 tionis,
1164 1601 1305 1698 sihujus
1329 1603 1490 1677 ordinatae
1510 1603 1546 1678 in
1567 1615 1741 1694 tangentes
1766 1596 1851 1670 datre
1887 1597 2011 1668 Curvae
2049 1595 2276 1690 projiciantur.
2325 1596 2406 1672 Vid.

1013 1702 1201 1798 generalem
1230 1699 1420 1777 Construdi.
1452 1700 1539 1776 insta
1565 1700 1601 1772 in
1626 1698 1785 1776 solutione
1796 1696 1855 1785 fix
1876 1691 2104 1768 Problemamm
2113 1695 2342 1786 fraternonon.

854 1774 960 1848 m·
1063 1803 1142 1876 ΙΙΙ.
1167 1809 1217 1872 Ex
1239 1807 1371 1900 infinitis
1391 1807 1506 1872 Orrvis
1522 1795 1695 1888 fimilibur,
1724 1789 1771 1884 Ed
1791 1800 1873 1867 circa
1884 1794 2032 1885 punsltrm
2048 1798 2081 1865 A
2104 1818 2256 1888 axemque
2276 1797 2409 1866 carm

856 1863 960 2026 μ’,
1014 1923 1085 1971 nem
1104 1905 1138 1972 A
1150 1906 1181 1972 C
1189 1900 1336 1988 srmilirrr
1358 1901 1554 1986 rossilianis,
1578 1919 1711 1988 quartem
1728 1917 1792 1964 una
1806 1891 1882 1964 dara
1895 1891 1940 1980 fir
1952 1895 1985 1962 A
1998 1899 2022 1962 Β
2032 1921 2043 1972 ,·
2069 1897 2208 1964 invenire
2228 1892 2322 1963 aliam
2334 1895 2403 1964 AD

882 1967 916 2029 Ψ
1015 2016 1224 2072 oecurrmrem
1246 2001 1331 2072 redis
1348 1995 1492 2088 positione
1515 1995 1594 2065 date
1614 1999 1685 2065 DE
1708 1997 1742 2062 in
1765 1997 1823 2078 D,
1855 2015 1871 2061 e
1896 2014 1956 2083 quo
1976 1987 2101 2084 denrrffi
2115 1997 2149 2062 in
2173 2017 2265 2063 axern
2288 2010 2405 2081 perper-

1014 2095 1150 2169 diculeri
1167 2102 1202 2170 D
1215 2101 1285 2183 M,
1312 2097 1367 2167 oei
1388 2085 1626 2184 comprehensim
1633 2091 1771 2180 spatium
1787 2091 1939 2174 ΑΒΜ,
1960 2089 2014 2160 vel
2027 2105 2103 2160 nare
2127 2088 2320 2177 conuerfione
2339 2109 2406 2159 cur.

1013 2217 1061 2265 ve
1080 2199 1164 2266 circa
1179 2216 1272 2266 assem
1289 2193 1482 2290 florificat,
1508 2191 1563 2264 vel
1584 2205 1695 2262 nomm
1715 2185 1907 2278 conoerfiorse
1919 2187 2014 2278 spatii
2016 2185 2155 2277 solidum
2163 2186 2208 2280 fir
2233 2193 2405 2260 maxianus

1013 2297 1227 2368 mmmmm.

1067 2391 1173 2464 coa
1186 2411 1203 2464 s
1216 2405 1241 2466 'r
1255 2408 1291 2463 a.
1333 2390 1454 2464 Sumto
1482 2380 1655 2459 indefinite
1682 2383 1718 2456 ln
1734 2384 1847 2457 Curva
1866 2381 1943 2455 data
1964 2379 2029 2456 AB
2055 2385 2180 2477 punrto
2200 2387 2248 2471 B,
2271 2384 2407 2457 ducatur

1016 2501 1157 2580 tangens
1178 2489 1270 2575 BG,
1293 2488 1348 2560 axi
1368 2483 1643 2581 perpendicularis
1663 2483 1751 2570 BC,
1791 2486 1823 2554 ἃ
1853 2482 1931 2553 binc
1956 2484 2106 2574 tangenti
2138 2482 2408 2578 perpendiculari·

1019 2584 1102 2658 CL.
1154 2587 1236 2673 Qro
1257 2581 1372 2673 fatto,
1395 2581 1525 2658 subdio
1551 2581 1664 2676 primae
1690 2579 1896 2672 quaestionis,
1917 2580 1949 2650 lu
1970 2603 1999 2652 e.
2025 2577 2166 2672 spatium
2188 2584 2297 2656 ABC
2326 2580 2409 2654 divis

1018 2694 1118 2768 datur
1142 2719 1202 2790 per
1219 2691 1243 2780 ὲ
1260 2698 1349 2779 CL5
1369 2694 1501 2770 fundio
1521 2692 1696 2778 secundae,
1721 2687 1789 2764 five
1805 2687 1987 2785 superficies
2001 2692 2196 2788 Sphaeroidls
2217 2695 2321 2788 geniti
2331 2717 2408 2768 oon·

1017 2789 1171 2867 verfione
1187 2817 1299 2868 curvae
1322 2797 1413 2883 AB,
1435 2819 1492 2889 per
1517 2785 1896 2866 semicitoumsetentiam
1915 2791 1998 2865 radii
2023 2793 2112 2874 BC;
2140 2789 2271 2866 frumo
2285 2795 2389 2867 tertiae
2396 2833 2408 2874 r

1014 2885 1074 2962 seu
1093 2888 1236 2965 solidum
1256 2891 1348 2988 spatii
1367 2895 1475 2968 ΑΒΟ
1502 2890 1669 2965 rotatione
1690 2879 1869 2976 effedlum,
1894 2914 1952 2982 per
1975 2891 2206 2984 rodlangulum
2234 2887 2296 2964 sub
2325 2891 2407 2965 dier

944 2998 947 3002 “
1014 2984 1363 3064 semicircumsesentia
1389 2993 1422 3065 de
1446 2991 1566 3064 triente
1583 2975 1664 3062 ¹CL
1686 3012 1697 3055 t
1722 2987 1888 3079 quotienti
1907 2985 2032 3082 semper
2051 2987 2260 3063 abscindatur
2282 3016 2325 3063 ex
2340 3009 2408 3064 tan·
2527 2977 2528 3062 l

1014 3102 1113 3180 gente
1133 3089 1268 3178 aequalis
1291 3091 1376 3175 BG,
1400 3090 1463 3161 erit
1496 3091 1531 3164 G
1559 3087 1601 3160 ad
1628 3087 1778 3158 Curram
1810 3087 1978 3180 quandam
2017 3083 2158 3175 AGH,
2189 3113 2292 3182 quam
2329 3088 2407 3162 sece-
2527 3101 2528 3178 l

897 3253 903 3262 ,
1012 3185 1194 3262 eertanG
1214 3185 1300 3260 datae
1317 3191 1415 3261 retlae
1438 3189 1517 3262 DE
1536 3183 1688 3280 parallelo
1709 3183 1746 3254 in
1787 3187 1831 3258 G.
1882 3187 1935 3260 Ex
1963 3187 1998 3259 G
2018 3184 2157 3258 dueatur
2177 3190 2248 3261 GB
2273 3205 2408 3282 tangens

1015 3279 1127 3354 datam
1150 3283 1319 3374 Curvam,
1345 3283 1450 3380 sitque
1475 3283 1637 3378 punilum
1661 3285 1837 3354 contadlus
1858 3283 1882 3354 B
1893 3311 1907 3365 ς
1927 3301 2000 3354 tum
2025 3283 2140 3376 junna
2161 3287 2243 3373 AB,
2266 3311 2341 3380 quae
2354 3289 2407 3360 dat

1015 3396 1087 3454 tam
1106 3381 1182 3455 DE
1210 3381 1295 3456 secet
1309 3385 1347 3455 in
1370 3386 1428 3470 D,
1453 3379 1513 3456 fiat
1536 3405 1639 3454 curva
1670 3377 1744 3450 AD
1770 3375 1882 3452 familis
1901 3377 1962 3476 ipss
1981 3381 2058 3456 AB.
2090 3385 2173 3458 Haeo
2197 3386 2260 3459 erit
2286 3403 2406 3483 optata.

1014 3522 2407 3689 miseratamiseratatererestereres*

1554 3789 1600 3881 a
1627 3791 1672 3884 a
1699 3783 1759 3882 r.
1816 3784 1878 3881 11.

1016 4035 1151 4147 Soletis
1154 4033 1227 4147 stre
1246 4026 1514 4118 reclamatum
1537 4023 1819 4128 Paternacum,
1841 4033 1882 4110 in
1899 4016 2063 4143 Epheng
2094 4023 2201 4128 0311,
2225 4053 2280 4125 26
2298 4032 2411 4154 Aug·

1485 4163 1608 4255 1697.
1635 4146 1662 4199 'l
1687 4145 1951 4260 propostrorrsm.

863 4369 1007 4518 {gem
1018 4343 1222 4504 raons.
1235 4370 1266 4471 1.
1298 4377 1345 4466 ra
1353 4376 1628 4490 mamaeae
1651 4373 1840 4482 namtas,
1863 4374 2168 4494 verprmras,
2193 4387 2410 4500 aegere-1

1076 4503 1248 4601 rabolicr‘,
1278 4508 1373 4582 inter
1394 4501 1462 4598 dur
1491 4500 1579 4580 data
1598 4504 1735 4610 perere
1748 4509 1959 4607 geometrice
1986 4501 2172 4605 describere
2188 4505 2355 4590 ’Πιιιιιιιι

1075 4627 1286 4703 emniumin
1312 4619 1380 4700 ala
1391 4615 1573 4726 stcpcrstcie
1588 4615 1644 4723 fic
1661 4617 1847 4700 dubiarum
1871 4613 2118 4724 breviffimans.

1092 4743 1167 4808 οι
1201 4734 1361 4809 Notanda
1379 4734 1521 4826 primum
1536 4733 1733 4827 ambiguitas
1752 4735 1786 4805 in
1807 4757 1892 4807 voce
1906 4743 2110 4829 geometrice,
2136 4763 2210 4833 quae
2222 4745 2337 4836 procul
2351 4743 2410 4818 du·'

1127 4831 1187 4905 bio
1206 4833 1243 4903 in
1268 4829 1362 4904 eausa
1386 4827 1478 4920 suit,
1503 4855 1562 4906 cur
1587 4829 1740 4906 illustriss.
1766 4834 1809 4904 D.
1838 4832 1981 4908 Marcbio
2006 4836 2353 4916 Hosrlrarrus
2374 4844 2409 4916 in

1015 4928 1238 5011 solutionibus
1263 4925 1327 5000 suis
1348 4931 1447 5018 mense
1465 4937 1539 5022 Jen.
1567 4932 1720 5004 Adonem
1743 4928 1894 5006 exhibitis
1918 4933 1982 5006 hoc
2002 4933 2176 5010 Problema
2198 4937 2329 5030 prorsus
2353 4963 2409 5014 ne·

1018 5031 1168 5134 glexerit.
1220 5027 1255 5106 Si
1269 5027 1329 5102 bac
1353 5049 1437 5102 voce
1457 5029 1530 5102 talis
1561 5029 1765 5106 constructio
1797 5023 1974 5126 poscatur,
2006 5057 2072 5128 qua
2090 5033 2264 5112 indefinite
2296 5039 2409 5112 omnia
2525 5051 2526 5054 ’

2306 5161 2407 5236 puuc-

1110 5251 1130 5293 “
1167 5253 1258 5338 Supra
1287 5253 1341 5322 N’.
1358 5243 1505 5320 XXXIX·
