5500 6884
732 878 737 886 -
1468 862 1712 992 [ψ]

963 1446 967 1453 ὓ
1416 1278 1751 1394 'tttxxxt

1009 1517 1531 1647 Jotttttrms
1589 1508 2164 1621 utnmoutt't

895 1743 1185 1859 Yetraegonpl'mus
1204 1744 1419 1853 univerfilis
1431 1728 1649 1853 figurarum
1676 1738 1998 1837 Carvilianum,
2022 1772 2089 1858 per
2103 1744 2287 1853 Corunc-

1096 1876 1228 1950 tionem
1270 1861 1531 1947 Geomerricam
1561 1870 1725 1945 continue
1749 1873 2095 1974 appropinquantem.

950 1980 1134 2069 Addatut
1163 1980 1215 2065 ad
1243 2008 1291 2065 ea
1319 2010 1405 2095 quae
1434 1982 1475 2062 in
1504 1976 1615 2061 Auis
1647 1997 1756 2089 1694
1784 1981 1897 2090 menſs
1918 1974 2115 2064 Novembr.
2136 1980 2227 2067 *de

1267 2096 1407 2181 eadem
1437 2098 1595 2181 materia
1625 2096 1829 2181 habentur.

1022 2328 1153 2423 Uol)
1175 2360 1301 2420 rarum
1331 2334 1428 2418 olim
1451 2338 1491 2417 &
1521 2330 1738 2419 inusttatum
1767 2328 1916 2433 fuerat,
1948 2362 2050 2443 nunc
2080 2360 2103 2419 a
2132 2330 2288 2417 duobus

893 2446 1899 2668 a
1912 2454 2064 2654 m
2097 2448 2289 2653 tute
2409 2566 2411 2571 ι

713 2685 781 2746 ⁵⁵¹·
839 2601 1204 2795 Ῥοῑετιῐιίηεὺίὶεές1
1229 2688 1281 2773 ad
1320 2600 1456 2771 seriem
1495 2598 1711 2789 infiniiam,
1741 2684 1853 2797 quod
1883 2596 2062 2769 tgtltimum
2101 2688 2155 2771 est
2185 2682 2288 2770 refir-

889 2807 1027 2919 gium‚
1056 2832 1254 2889 revocare.
1315 2802 1465 2891 Primus
1505 2832 1608 2917 ego,
1638 2810 1681 2887 v&
1693 2801 1794 2887 sorte
1825 2796 1954 2905 solus,
1988 2803 2183 2915 publicavi
2195 2801 2287 2887 Ais.

893 2939 1003 3031 1694
1023 2927 1137 3027 measse
1154 2918 1355 3006 Novembr.
1398 2916 1531 3005 scriem
1572 2914 1820 3005 universalem
1851 2947 1924 3032 pro
1956 2921 2163 3020 omnibus,
2211 2920 2289 3003 stne

888 3033 1131 3139 discrimine,
1165 3032 1292 3151 spatiis
1322 3037 1556 3155 quadrandis
1594 3031 1793 3151 curvisque
1831 3035 2116 3131 testificandisr
2171 3065 2290 3153 quam

889 3158 1342 3374 ii“⁶ri¹‘²‘³⁰⁰²¹³‘²⁸'
1373 3184 1503 3358 ”iim
1521 3152 2140 3357 {misssissizisss¹¹s‘²‘2s
2163 3160 2289 3357 imis

777 3360 780 3366 ¹
893 3333 992 3502 quid
1020 3303 1435 3500 quidadtniiga’nnsat:
1464 3303 1612 3471 sifficit
1631 3411 1741 3470 tanto
1764 3301 1942 3498 ipplausu
1974 3301 2288 3502 pragaiianiissimd-

892 3531 979 3590 tum
1002 3499 1375 3587 Mathematicorum
1406 3526 1606 3615 exceptam
1631 3497 1759 3603 sitisse,
1801 3504 1911 3616 quod
1941 3508 2095 3618 privata
2121 3502 2287 3621 ipsorum

893 3624 1011 3707 literae
1036 3621 1214 3722 testatum
1242 3618 1435 3721 reddunt,
1468 3644 1510 3704 ut
1538 3648 1620 3705 non
1636 3620 1680 3705 fit
1691 3680 1706 3721 ‚
1742 3646 1809 3705 cur
1838 3624 1920 3731 ejus
1948 3653 2013 3709 me
2045 3628 2233 3739 poeniteat
2271 3660 2284 3718 ;

895 3741 990 3853 quin
1008 3740 1140 3850 potius
1169 3744 1211 3823 δε
1240 3741 1280 3823 in
1300 3738 1526 3852 publicum,
1558 3740 1668 3823 &in
1690 3768 1777 3839 me,
1809 3740 1966 3848 injurius
1992 3742 2128 3845 essem,
2161 3742 2287 3829 fidiu-

895 3859 970 3957 tius
1000 3858 1041 3939 in
1060 3857 1198 3944 chattis
1236 3862 1333 3944 meis
1354 3858 1504 3944 latitare
1522 3882 1671 3972 pateret
1690 3858 1790 3941 hanc
1819 3852 2022 3947 secundam
2041 3862 2285 3963 methodum,

894 4000 979 4087 quae
1010 3974 1121 4059 alteri
1149 3977 1268 4087 priori
1287 3976 1416 4061 multis
1473 3976 1736 4062 occnstonibus
1772 3976 1980 4066 commode
2023 3976 2287 4067 succenturiati

894 4093 1044 4203 potestt
1077 4092 1263 4205 eoquod
1299 4094 1404 4205 prior
1427 4092 1519 4194 illa,
1550 4095 1739 4207 analytice
1758 4092 1946 4208 expressa,
1973 4100 2164 4211 applicato
2187 4096 2286 4185 diffi-

887 4208 978 4323 cilis
997 4208 1152 4309 evadit,
1182 4212 1223 4292 in
1242 4210 1455 4321 exemplis,
1500 4210 1567 4295 ubi
1596 4214 1809 4331 perplexus
1833 4216 2035 4327 requiritur
2074 4218 2238 4302 calculus
2268 4248 2281 4310 ς

894 4324 974 4410 bac
995 4353 1117 4424 vero,
1142 4353 1259 4437 quam
1280 4354 1383 4410 nunc
1408 4328 1612 4413 traditurus
1640 4325 1745 4429 sum,
1781 4330 1924 4414 nullam
1965 4333 2130 4445 analyfin
2169 4328 2285 4447 respi-

895 4444 1024 4542 ciens,
1052 4436 1259 4554 spatiorum
1285 4445 1405 4558 magis
1436 4440 1607 4538 minusve
1632 4445 1932 4560 compofitorum
1952 4450 2196 4562 quadraturas
2215 4478 2283 4564 pa-

894 4560 927 4640 ri
956 4560 1194 4671 simplicitate
1220 4561 1398 4682 expeditr
1428 4558 1620 4675 suppofito
1640 4588 1787 4648 tantum
1802 4592 2001 4651 curvatum
2027 4567 2200 4655 datarum
2214 4570 2283 4673 da-

893 4672 1076 4774 teresse,
1115 4677 1181 4762 vel
1199 4676 1281 4761 dari
1310 4676 1416 4792 posse
1434 4704 1660 4795 tangentes,
1693 4675 1887 4796 ipsamque
1917 4710 2073 4771 curvam
2107 4686 2281 4801 propost-

895 4811 976 4872 tam
995 4793 1074 4897 jam
1094 4788 1319 4905 descriptam
1336 4794 1409 4883 effe
1433 4834 1442 4881 :
1466 4800 1530 4883 hic
1559 4801 1662 4885 enim
1689 4798 1810 4884 nullas
1849 4802 2116 4915 expeditiones
2148 4807 2279 4916 analy-

893 4907 1011 5005 titas,
1030 4906 1170 5019 quibus
1190 4905 1297 5002 seriei
1320 4914 1473 5011 termini
1495 4918 1731 5031 explicentur
1746 4975 1760 5017 ,
1775 4914 1966 5013 adhibe05
1986 4915 2073 5021 sed,
2097 4924 2279 5125 quoqtq-

2053 5125 2065 5143 ,
2207 5070 2232 5127 ⁰
2261 5088 2278 5107 ⁴

894 5125 898 5140 '
978 5158 1283 5245 'mmmm
