5500 6884
832 2577 836 2584 ¹
1000 2587 1313 2681 obvertentium,
1337 2579 1542 2664 habebitur
1569 2584 1722 2695 aqualis
1748 2585 1851 2667 arcui
1881 2584 2051 2668 circulari
2084 2577 2182 2670 EC.
2241 2578 2401 2668 Verum

826 4515 844 4546 .
945 4525 947 4532 1
998 4439 1184 4552 descripta
1212 4467 1261 4527 ex
1293 4441 1549 4528 evolutione:

995 814 1081 913 418
1141 787 1446 886 N⁰.LXXIV.
1507 783 1782 876 MOTUS
1834 777 2307 886 REPTORIUS.

996 991 1086 1045 nem
1104 957 1290 1056 eandem,
1319 983 1388 1065 per
1406 977 1524 1066 quarn
1539 929 1815 1054 describeretur
1839 941 1917 1059 ipsa
1938 944 2103 1058 ACB:
2127 953 2267 1062 ponda
2292 943 2406 1030 enim
2509 1031 2510 1048 p

996 1075 1046 1162 O
1069 1083 1109 1160 ἃ
1135 1071 1178 1159 C
1202 1073 1409 1156 intervallo
1429 1064 1575 1181 semper
1603 1069 1739 1182 aequali
1768 1065 2145 1177 &perpendiculari
2176 1067 2227 1148 ad
2260 1091 2404 1147 curvas

994 1186 1152 1286 LOM
1185 1195 1226 1274 δι
1257 1182 1396 1277 ACB
1419 1187 1638 1284 existentia,
1662 1178 1803 1297 hasque
1832 1182 1999 1294 proinde
2024 1182 2309 1296 aequidistantes
2343 1177 2404 1264 fa-
2509 1269 2510 1304 p

993 1312 1157 1408 cientin,
1174 1305 1286 1390 facile
1311 1304 1577 1413 concipiuntur
1598 1298 1803 1387 necessario
1831 1296 1905 1383 effe
1918 1301 1960 1381 in
1975 1298 2047 1384 filo
2072 1301 2404 1384 communierol·
2509 1311 2510 1328 ¹

994 1455 1127 1517 vente.
1186 1417 1396 1508 Habemus
1411 1420 1537 1531 'igitur
1558 1445 1714 1501 curvam
1743 1413 1839 1504 LO
1867 1445 1936 1527 per
1959 1417 2232 1530 obreptionem
2266 1442 2404 1527 aqua·

995 1549 1074 1636 lem
1100 1537 1272 1631 summam
1298 1544 1338 1622 &
1366 1565 1435 1649 per
1453 1531 1771 1647 subreptionem,
1796 1535 1984 1646 aequalem
2017 1532 2239 1619 differentia
2271 1560 2404 1615 curvae

994 1655 1089 1754 AC
1122 1665 1162 1742 δι
1189 1684 1296 1740 arcus
1320 1651 1510 1738 circularis
1537 1646 1658 1751 EC,
1689 1649 1871 1764 adeoque
1894 1655 1933 1733 bc
1955 1652 2058 1734 hunc
2076 1679 2206 1734 arcum
2227 1673 2407 1761 utroque

995 1776 1121 1864 modo
1150 1773 1336 1885 aqualem
1377 1767 1601 1854 differentiae
1624 1793 1824 1851 curvarum
1854 1763 1945 1853 LO
1971 1773 2012 1858 ,δι
2043 1763 2153 1853 AC.
2215 1765 2400 1875 Quando

996 1920 1094 1982 vero
1123 1889 1283 1974 circulus
1309 1881 1514 1995 subrepens
1540 1878 1678 1970 ECG
1701 1885 1859 1968 minoris
1885 1886 1939 1968 est
1969 1885 2252 1983 convexitatis,
2277 1911 2399 1995 quern

999 2035 1116 2092 curva
1141 2001 1393 2116 perreptanda
1427 1993 1598 2100 ACB,
1631 1999 1674 2082 id
1710 2002 1796 2100 est,
1833 1999 1992 2112 quando
2033 2025 2232 2084 curvatura
2265 1999 2401 2082 circuli

998 2118 1136 2216 ECG
1155 2117 1317 2203 includit
1342 2141 1582 2202 curvaturam
1608 2110 1774 2215 ACB,
1805 2117 1907 2200 illius
1939 2144 2079 2229 nempe
2108 2117 2219 2201 radio
2246 2119 2402 2221 majore

998 2243 1184 2346 existente
1206 2261 1322 2348 quam
1355 2231 1482 2318 radius
1512 2233 1642 2318 circuli
1667 2228 1869 2317 osculantis
1897 2235 1937 2315 in
1968 2229 2036 2333 C,
2077 2235 2151 2317 erit
2173 2257 2266 2316 tunc
2286 2230 2400 2316 diffe-
2509 2223 2510 2242 Ν

999 2358 1122 2449 tentia
1144 2357 1243 2439 inter
1269 2345 1364 2435 AC
1396 2355 1436 2432 &
1466 2341 1552 2434 EC
1584 2375 1703 2458 penes
1725 2377 1855 2434 arcum
1874 2342 1962 2436 EC
1981 2377 2165 2463 tanquam
2184 2352 2399 2456 majoremr
2509 2397 2510 2426 r

1001 2472 1105 2560 unde
1132 2466 1276 2554 summa
1299 2491 1499 2549 curvarum
1524 2458 1619 2550 AC
1651 2472 1691 2551 δι
1723 2461 1837 2566 LO,
1865 2490 1991 2579 partes
2017 2494 2205 2550 concavas
2226 2465 2296 2548 libi
2318 2469 2403 2572 jaun
2509 2567 2510 2576 p

1000 2705 1201 2792 enimvero
1237 2724 1325 2780 cum
1357 2723 1490 2808 parum
1532 2696 1577 2780 srt
1618 2701 1796 2782 naturalis
1831 2705 1872 2782 u
1914 2700 2166 2785 incommode
2196 2724 2400 2812 peragatur
2509 2751 2510 2794 r

1000 2841 1131 2910 motus
1154 2811 1433 2924 subreptIonis,
1458 2812 1527 2896 ubi
1553 2809 1757 2927 suprepcns
1784 2814 1946 2898 includit
1978 2813 2282 2928 subrependam,
2309 2809 2399 2928 pos·
2509 2819 2510 2912 l

998 2931 1084 3033 lunt
1117 2935 1173 3016 hrt
1208 2934 1313 3014 vices
1339 2925 1420 3013 suas
1446 2956 1684 3041 permutare,
1719 2935 1837 3016 itaut
1869 2961 1971 3017 nunc
1999 2934 2160 3016 circulus
2191 2927 2399 3044 subrepen-

1000 3053 1083 3154 dae,
1113 3050 1179 3132 illa
1205 3075 1302 3132 vero
1321 3041 1557 3157 subrepentis
1585 3047 1821 3131 l'unstionem
1840 3048 1980 3134 obeat:
2007 3045 2202 3133 sciendum
2227 3051 2396 3162 quippe,
2509 3059 2510 3118 l

1001 3172 1042 3252 in
1072 3195 1236 3280 genere,
1268 3193 1336 3275 per
1361 3163 1655 3248 conversionem
1673 3168 1925 3275 perreptantis
1945 3169 1986 3250 in
2015 3165 2328 3278 perreptandam,
2357 3171 2399 3248 δι
2509 3189 2510 3256 ;

1002 3283 1180 3380 vicissim,
1206 3282 1302 3365 nihil
1330 3281 1371 3364 in
1399 3283 1569 3392 reptoria
1589 3309 1675 3394 quae
1701 3276 1922 3369 describitur
1948 3285 2163 3386 immutari,
2190 3307 2325 3397 prater
2352 3281 2401 3367 sr-

1002 3421 1098 3480 tum.

1060 3507 1200 3622 Atque
1219 3511 1272 3592 ita
1293 3511 1497 3594 veritatem
1525 3507 1802 3600 Theorematis
1827 3545 1875 3602 ex
1907 3511 2018 3599 Aras
2040 3517 2190 3614 citatis,
2212 3538 2398 3630 tanquam

1001 3627 1248 3718 corollarium
1278 3653 1327 3710 ex
1361 3651 1473 3710 novo
1497 3629 1575 3712 hoc
1601 3655 1731 3714 motus
1753 3633 1912 3745 reptorii
1947 3635 2109 3719 invento
2141 3631 2393 3734 dedturirnus,

1001 3747 1070 3832 ubi
1093 3767 1273 3858 praterea
1295 3765 1431 3828 notare
1458 3748 1644 3830 convenit
1661 3746 1979 3854 fiandarnentum,
1999 3779 2066 3835 cur
2083 3777 2206 3834 curvet
2229 3779 2279 3834 ex
2298 3779 2398 3836 evo-

1002 3865 1152 3950 lutione
1176 3854 1469 3972 condescriptae‚
1491 3863 1586 3946 nihil
1609 3863 1714 3948 aliud
1735 3865 1805 3950 srnt
1824 3894 1940 3980 quam
1959 3861 2101 3980 species
2119 3869 2394 3978 reptoriarunrt

999 3978 1043 4064 id
1072 3975 1183 4091 quod
1206 3980 1246 4058 in
1273 3978 1351 4060 hoc
1379 3975 1566 4084 consrslit,
1592 3984 1779 4092 quoniam
1804 3984 1964 4066 circulus
1995 3977 2157 4081 ECG,
2188 3983 2244 4067 ob
2268 4011 2398 4096 partes

911 4141 946 4176 .·
998 4089 1081 4185 filas
1111 4091 1310 4186 fimi-lares,
1340 4091 1417 4176 srve
1444 4120 1554 4178 motu
1576 4099 1806 4198 rotationis,
1828 4099 1906 4186 srve
1935 4125 2047 4185 motu
2074 4102 2259 4210 reptionis
2296 4099 2396 4184 sera·

999 4235 1061 4298 tur
1088 4203 1196 4320 super
1222 4201 1346 4304 AC,
1375 4233 1511 4293 centro
1545 4206 1614 4295 suo
1638 4209 1683 4299 A
1708 4214 1896 4316 eandem,
1928 4242 2097 4330 utroque
2134 4216 2280 4313 modo,
2310 4211 2395 4298 des·

1000 4325 1113 4411 cribit
1135 4348 1273 4408 curam
1303 4317 1485 4413 LOM:
1514 4321 1575 4413 At
1605 4330 1645 4410 ui
1668 4333 1860 4434 rotando,
1885 4335 1941 4416 uti
1967 4357 2105 4418 notum
2131 4333 2208 4430 est,
2231 4331 2276 4416 fit
2298 4360 2395 4417 con·

1576 4358 1690 4560 ίἒτςο
1710 4453 1857 4536 constat
1878 4449 1989 4564 quod
2012 4450 2181 4532 indicare
2209 4451 2333 4534 volui.

1056 4556 1127 4648 Ne
1160 4585 1257 4643 vero
1286 4555 1429 4641 diutius
1460 4553 1664 4651 Lec‘lorem
1693 4565 1922 4664 detineam,
1953 4594 2122 4676 propero
2155 4565 2314 4651 tandem
2341 4560 2390 4646 ad

997 4667 1227 4770 solutionem
1264 4675 1469 4786 genumam
1500 4671 1756 4766 Problematis
1781 4687 1822 4768 in
1849 4683 1982 4767 Dima
2017 4681 2154 4766 Gauro
2174 4681 2386 4797 propofiti,

997 4791 1043 4878 de
1064 4783 1394 4896 Transfhrmaetione
1423 4792 1634 4888 Cumarum
1646 4829 1659 4889 ς
1692 4799 1825 4912 quod,
1860 4797 1887 4883 fi
1912 4827 2032 4882 unum
2050 4800 2216 4911 excipias
2240 4789 2386 4914 amplis·

2509 5681 2510 5722 l

2509 5831 2510 5900 l

995 4897 1633 5016 immantatum,
1664 4916 1732 5036 qui
1764 4942 1846 5006 non
1871 4912 2074 5006 infeliciter
2096 4914 2386 5136 adeoppmfiqu

2126 5095 2132 5102 a
2260 5063 2305 5126 or
2372 5092 2388 5134 ,

2502 6025 2510 6532 l
