<?xml version="1.0" encoding="UTF-8"?>
<!DOCTYPE html PUBLIC "-//W3C//DTD XHTML 1.0 Transitional//EN"
    "http://www.w3.org/TR/xhtml1/DTD/xhtml1-transitional.dtd">
<html xmlns="http://www.w3.org/1999/xhtml" xml:lang="en" lang="en">
 <head>
  <title>
</title>
<meta http-equiv="Content-Type" content="text/html;charset=utf-8" />
  <meta name='ocr-system' content='tesseract 3.04.00' />
  <meta name='ocr-capabilities' content='ocr_page ocr_carea ocr_par ocr_line ocrx_word'/>
</head>
<body>
  <div class='ocr_page' id='page_1' title='image "./operaomnia00primgoog_0483.png"; bbox 0 0 5500 6884; ppageno 0'>
   <div class='ocr_carea' id='block_1_1' title="bbox 456 721 2032 912">
    <p class='ocr_par' dir='ltr' id='par_1_1' title="bbox 456 721 2032 912">
     <span class='ocr_line' id='line_1_1' title="bbox 456 721 2032 912; baseline 0.03 -56"><span class='ocrx_word' id='word_1_1' title='bbox 456 721 1784 912; x_wconf 61' lang='lat' dir='ltr'>&#39;Natxxtunrorurnnrtonrur41,</span> <span class='ocrx_word' id='word_1_2' title='bbox 1890 742 1896 748; x_wconf 56' lang='grc'><strong>’</strong></span> <span class='ocrx_word' id='word_1_3' title='bbox 2028 795 2032 804; x_wconf 81' lang='grc'><strong>’</strong></span> 
     </span>
    </p>
   </div>
   <div class='ocr_carea' id='block_1_2' title="bbox 369 942 1781 1668">
    <p class='ocr_par' dir='ltr' id='par_1_2' title="bbox 369 942 1781 1668">
     <span class='ocr_line' id='line_1_2' title="bbox 384 942 1781 1074; baseline 0.021 -40"><span class='ocrx_word' id='word_1_4' title='bbox 384 942 566 1048; x_wconf 80' lang='lat' dir='ltr'>adorsus,</span> <span class='ocrx_word' id='word_1_5' title='bbox 591 951 631 1034; x_wconf 96' lang='lat' dir='ltr'>in</span> <span class='ocrx_word' id='word_1_6' title='bbox 645 951 743 1036; x_wconf 90' lang='lat' dir='ltr'>hanc</span> <span class='ocrx_word' id='word_1_7' title='bbox 762 945 879 1067; x_wconf 90' lang='lat' dir='ltr'>usque</span> <span class='ocrx_word' id='word_1_8' title='bbox 897 977 1026 1040; x_wconf 89' lang='lat' dir='ltr'>tamen</span> <span class='ocrx_word' id='word_1_9' title='bbox 1051 954 1181 1060; x_wconf 87' lang='lat' dir='ltr'>diem,</span> <span class='ocrx_word' id='word_1_10' title='bbox 1205 987 1391 1074; x_wconf 88' lang='lat' dir='ltr'>quantum</span> <span class='ocrx_word' id='word_1_11' title='bbox 1410 964 1582 1068; x_wconf 86' lang='lat' dir='ltr'>constat,</span> <span class='ocrx_word' id='word_1_12' title='bbox 1604 969 1781 1062; x_wconf 87' lang='lat' dir='ltr'>nondum</span> 
     </span>
     <span class='ocr_line' id='line_1_3' title="bbox 386 1063 1775 1202; baseline 0.019 -55"><span class='ocrx_word' id='word_1_13' title='bbox 386 1063 592 1178; x_wconf 73' lang='lat' dir='ltr'>perfeslam</span> <span class='ocrx_word' id='word_1_14' title='bbox 615 1095 638 1151; x_wconf 91' lang='lat' dir='ltr'>a</span> <span class='ocrx_word' id='word_1_15' title='bbox 660 1097 859 1182; x_wconf 92' lang='lat' dir='ltr'>quoquam</span> <span class='ocrx_word' id='word_1_16' title='bbox 883 1072 1032 1184; x_wconf 80' lang='lat' dir='ltr'>accepit</span> <span class='ocrx_word' id='word_1_17' title='bbox 1050 1074 1351 1179; x_wconf 82' lang='lat' dir='ltr'>enodationem,</span> <span class='ocrx_word' id='word_1_18' title='bbox 1379 1085 1420 1164; x_wconf 82' lang='lat' dir='ltr'>dt</span> <span class='ocrx_word' id='word_1_19' title='bbox 1442 1109 1491 1166; x_wconf 91' lang='lat' dir='ltr'>ne</span> <span class='ocrx_word' id='word_1_20' title='bbox 1510 1081 1567 1168; x_wconf 67' lang='lat' dir='ltr'>&#39;ab</span> <span class='ocrx_word' id='word_1_21' title='bbox 1587 1087 1662 1170; x_wconf 88' lang='lat' dir='ltr'>illis</span> <span class='ocrx_word' id='word_1_22' title='bbox 1690 1091 1775 1202; x_wconf 91' lang='lat' dir='ltr'>qui·</span> 
     </span>
     <span class='ocr_line' id='line_1_4' title="bbox 369 1183 1776 1305; baseline 0.018 -41"><span class='ocrx_word' id='word_1_23' title='bbox 369 1185 499 1294; x_wconf 79' lang='lat' dir='ltr'>dem,</span> <span class='ocrx_word' id='word_1_24' title='bbox 529 1183 642 1296; x_wconf 92' lang='lat' dir='ltr'>quod</span> <span class='ocrx_word' id='word_1_25' title='bbox 674 1189 886 1286; x_wconf 89' lang='lat' dir='ltr'>miremur,</span> <span class='ocrx_word' id='word_1_26' title='bbox 917 1191 986 1303; x_wconf 89' lang='lat' dir='ltr'>qui</span> <span class='ocrx_word' id='word_1_27' title='bbox 1021 1189 1118 1275; x_wconf 86' lang='lat' dir='ltr'>nihil</span> <span class='ocrx_word' id='word_1_28' title='bbox 1149 1223 1228 1278; x_wconf 93' lang='lat' dir='ltr'>non</span> <span class='ocrx_word' id='word_1_29' title='bbox 1254 1197 1554 1305; x_wconf 28' lang='lat' dir='ltr'>pervium-fibi,</span> <span class='ocrx_word' id='word_1_30' title='bbox 1585 1208 1626 1286; x_wconf 78' lang='grc' dir='ltr'>δι</span> <span class='ocrx_word' id='word_1_31' title='bbox 1654 1207 1776 1290; x_wconf 86' lang='lat' dir='ltr'>multa</span> 
     </span>
     <span class='ocr_line' id='line_1_5' title="bbox 385 1292 1777 1423; baseline 0.02 -41"><span class='ocrx_word' id='word_1_32' title='bbox 385 1298 454 1382; x_wconf 84' lang='lat' dir='ltr'>fibi</span> <span class='ocrx_word' id='word_1_33' title='bbox 491 1292 580 1382; x_wconf 81' lang='lat' dir='ltr'>solis</span> <span class='ocrx_word' id='word_1_34' title='bbox 610 1299 799 1415; x_wconf 79' lang='lat' dir='ltr'>perspedla</span> <span class='ocrx_word' id='word_1_35' title='bbox 823 1328 1023 1415; x_wconf 76' lang='lat' dir='ltr'>putanteS,</span> <span class='ocrx_word' id='word_1_36' title='bbox 1053 1310 1150 1394; x_wconf 84' lang='lat' dir='ltr'>alios</span> <span class='ocrx_word' id='word_1_37' title='bbox 1180 1312 1463 1423; x_wconf 87' lang='lat' dir='ltr'>provocando,</span> <span class='ocrx_word' id='word_1_38' title='bbox 1505 1345 1577 1400; x_wconf 91' lang='lat' dir='ltr'>nec</span> <span class='ocrx_word' id='word_1_39' title='bbox 1615 1321 1777 1409; x_wconf 87' lang='lat' dir='ltr'>modum</span> 
     </span>
     <span class='ocr_line' id='line_1_6' title="bbox 384 1411 1780 1536; baseline 0.019 -38"><span class='ocrx_word' id='word_1_40' title='bbox 384 1443 457 1498; x_wconf 93' lang='lat' dir='ltr'>nec</span> <span class='ocrx_word' id='word_1_41' title='bbox 491 1411 701 1502; x_wconf 82' lang='lat' dir='ltr'>mensuram</span> <span class='ocrx_word' id='word_1_42' title='bbox 735 1445 961 1507; x_wconf 88' lang='lat' dir='ltr'>tenuerunt:</span> <span class='ocrx_word' id='word_1_43' title='bbox 997 1427 1120 1536; x_wconf 84' lang='lat' dir='ltr'>qualis</span> <span class='ocrx_word' id='word_1_44' title='bbox 1146 1456 1241 1514; x_wconf 91' lang='lat' dir='ltr'>vero</span> <span class='ocrx_word' id='word_1_45' title='bbox 1266 1425 1373 1516; x_wconf 87' lang='lat' dir='ltr'>causa</span> <span class='ocrx_word' id='word_1_46' title='bbox 1403 1431 1448 1514; x_wconf 83' lang='lat' dir='ltr'>fit</span> <span class='ocrx_word' id='word_1_47' title='bbox 1481 1437 1632 1520; x_wconf 89' lang='lat' dir='ltr'>veterni</span> <span class='ocrx_word' id='word_1_48' title='bbox 1662 1442 1780 1524; x_wconf 84' lang='lat' dir='ltr'>cotri-</span> 
     </span>
     <span class='ocr_line' id='line_1_7' title="bbox 382 1532 1777 1668; baseline 0.022 -58"><span class='ocrx_word' id='word_1_49' title='bbox 382 1534 524 1668; x_wconf 66' lang='lat' dir='ltr'>piqntis</span> <span class='ocrx_word' id='word_1_50' title='bbox 555 1563 693 1618; x_wconf 89' lang='lat' dir='ltr'>eorum</span> <span class='ocrx_word' id='word_1_51' title='bbox 717 1532 959 1652; x_wconf 81' lang='lat' dir='ltr'>sagacitatem</span> <span class='ocrx_word' id='word_1_52' title='bbox 983 1538 1055 1628; x_wconf 85' lang='lat' dir='ltr'>hac</span> <span class='ocrx_word' id='word_1_53' title='bbox 1073 1544 1112 1626; x_wconf 93' lang='lat' dir='ltr'>in</span> <span class='ocrx_word' id='word_1_54' title='bbox 1143 1568 1276 1657; x_wconf 86' lang='lat' dir='ltr'>parte,</span> <span class='ocrx_word' id='word_1_55' title='bbox 1305 1548 1416 1654; x_wconf 88' lang='lat' dir='ltr'>hujus</span> <span class='ocrx_word' id='word_1_56' title='bbox 1439 1548 1518 1636; x_wconf 92' lang='lat' dir='ltr'>loci</span> <span class='ocrx_word' id='word_1_57' title='bbox 1543 1581 1625 1640; x_wconf 91' lang='lat' dir='ltr'>non</span> <span class='ocrx_word' id='word_1_58' title='bbox 1648 1554 1704 1638; x_wconf 89' lang='lat' dir='ltr'>est</span> <span class='ocrx_word' id='word_1_59' title='bbox 1719 1556 1777 1640; x_wconf 87' lang='lat' dir='ltr'>in·</span> 
     </span>
    </p>
   </div>
   <div class='ocr_carea' id='block_1_3' title="bbox 381 1677 1361 1867">
    <p class='ocr_par' dir='ltr' id='par_1_3' title="bbox 381 1677 1361 1867">
     <span class='ocr_line' id='line_1_8' title="bbox 381 1677 838 1762; baseline 0.002 -28"><span class='ocrx_word' id='word_1_60' title='bbox 381 1677 546 1762; x_wconf 74' lang='lat' dir='ltr'>quarere.</span> <span class='ocrx_word' id='word_1_61' title='bbox 834 1709 838 1718; x_wconf 83' lang='lat'><em>-</em></span> 
     </span>
     <span class='ocr_line' id='line_1_9' title="bbox 813 1763 1361 1867; baseline 0.02 -11"><span class='ocrx_word' id='word_1_62' title='bbox 813 1763 1361 1867; x_wconf 86' lang='lat' dir='ltr'>PROBLEMA.</span> 
     </span>
    </p>
   </div>
   <div class='ocr_carea' id='block_1_4' title="bbox 247 2001 1774 2359">
    <p class='ocr_par' dir='ltr' id='par_1_4' title="bbox 247 2001 1774 2359">
     <span class='ocr_line' id='line_1_10' title="bbox 438 2001 1774 2118; baseline 0.01 -28"><span class='ocrx_word' id='word_1_63' title='bbox 438 2001 582 2090; x_wconf 65' lang='lat' dir='ltr'>Datum</span> <span class='ocrx_word' id='word_1_64' title='bbox 619 2033 773 2090; x_wconf 77' lang='lat' dir='ltr'>curvam</span> <span class='ocrx_word' id='word_1_65' title='bbox 811 2005 1048 2115; x_wconf 64' lang='lat' dir='ltr'>asqebraei&#39;cam</span> <span class='ocrx_word' id='word_1_66' title='bbox 1078 2013 1335 2118; x_wconf 74' lang='lat' dir='ltr'>transfhrmaere</span> <span class='ocrx_word' id='word_1_67' title='bbox 1364 2025 1406 2098; x_wconf 83' lang='lat' dir='ltr'>in</span> <span class='ocrx_word' id='word_1_68' title='bbox 1441 2019 1535 2100; x_wconf 74' lang='lat' dir='ltr'>alias</span> <span class='ocrx_word' id='word_1_69' title='bbox 1567 2027 1774 2102; x_wconf 76' lang='lat' dir='ltr'>innumeras</span> 
     </span>
     <span class='ocr_line' id='line_1_11' title="bbox 247 2122 1769 2247; baseline 0.009 -42"><span class='ocrx_word' id='word_1_70' title='bbox 247 2236 252 2247; x_wconf 21' lang='grc'><em>1</em></span> <span class='ocrx_word' id='word_1_71' title='bbox 376 2134 487 2206; x_wconf 81' lang='lat' dir='ltr'>etiam</span> <span class='ocrx_word' id='word_1_72' title='bbox 516 2122 734 2232; x_wconf 77' lang='lat' dir='ltr'>algebrai&#39;cas</span> <span class='ocrx_word' id='word_1_73' title='bbox 751 2127 900 2234; x_wconf 79' lang='lat' dir='ltr'>ejusdem</span> <span class='ocrx_word' id='word_1_74' title='bbox 927 2153 1009 2208; x_wconf 81' lang='lat' dir='ltr'>cum</span> <span class='ocrx_word' id='word_1_75' title='bbox 1034 2127 1108 2238; x_wconf 79' lang='lat' dir='ltr'>ipfit</span> <span class='ocrx_word' id='word_1_76' title='bbox 1132 2131 1385 2236; x_wconf 76' lang='lat' dir='ltr'>longitudinis,</span> <span class='ocrx_word' id='word_1_77' title='bbox 1402 2131 1477 2240; x_wconf 74' lang='lat' dir='ltr'>fid</span> <span class='ocrx_word' id='word_1_78' title='bbox 1496 2134 1661 2246; x_wconf 75' lang='lat' dir='ltr'>qua-sm</span> <span class='ocrx_word' id='word_1_79' title='bbox 1681 2139 1769 2246; x_wconf 68' lang='lat' dir='ltr'>deff·</span> 
     </span>
     <span class='ocr_line' id='line_1_12' title="bbox 374 2245 1451 2359; baseline 0.009 -37"><span class='ocrx_word' id='word_1_80' title='bbox 374 2245 480 2324; x_wconf 71' lang='lat' dir='ltr'>miles</span> <span class='ocrx_word' id='word_1_81' title='bbox 506 2245 615 2342; x_wconf 69' lang='lat' dir='ltr'>dan,</span> <span class='ocrx_word' id='word_1_82' title='bbox 639 2267 717 2324; x_wconf 72' lang='lat' dir='ltr'>ram</span> <span class='ocrx_word' id='word_1_83' title='bbox 742 2247 863 2356; x_wconf 77' lang='lat' dir='ltr'>quoad</span> <span class='ocrx_word' id='word_1_84' title='bbox 882 2266 1018 2344; x_wconf 81' lang='lat' dir='ltr'>totum,</span> <span class='ocrx_word' id='word_1_85' title='bbox 1044 2271 1155 2357; x_wconf 75' lang='lat' dir='ltr'>quam</span> <span class='ocrx_word' id='word_1_86' title='bbox 1179 2249 1300 2357; x_wconf 74' lang='lat' dir='ltr'>quoad</span> <span class='ocrx_word' id='word_1_87' title='bbox 1312 2271 1451 2359; x_wconf 78' lang='lat' dir='ltr'>partes.</span> 
     </span>
    </p>
   </div>
   <div class='ocr_carea' id='block_1_5' title="bbox 625 2451 1687 2576">
    <p class='ocr_par' dir='ltr' id='par_1_5' title="bbox 625 2451 1687 2576">
     <span class='ocr_line' id='line_1_13' title="bbox 625 2451 1687 2576; baseline 0.006 -34"><span class='ocrx_word' id='word_1_88' title='bbox 625 2454 653 2542; x_wconf 86' lang='lat' dir='ltr'>S</span> <span class='ocrx_word' id='word_1_89' title='bbox 673 2477 705 2542; x_wconf 94' lang='lat'>0</span> <span class='ocrx_word' id='word_1_90' title='bbox 723 2481 750 2545; x_wconf 88' lang='lat' dir='ltr'>L</span> <span class='ocrx_word' id='word_1_91' title='bbox 766 2479 800 2546; x_wconf 86' lang='lat' dir='ltr'>U</span> <span class='ocrx_word' id='word_1_92' title='bbox 818 2477 849 2544; x_wconf 84' lang='lat' dir='ltr'>T</span> <span class='ocrx_word' id='word_1_93' title='bbox 866 2477 884 2544; x_wconf 89' lang='lat'>1</span> <span class='ocrx_word' id='word_1_94' title='bbox 901 2481 933 2545; x_wconf 90' lang='lat'>0</span> <span class='ocrx_word' id='word_1_95' title='bbox 976 2451 1007 2545; x_wconf 88' lang='lat' dir='ltr'>I.</span> <span class='ocrx_word' id='word_1_96' title='bbox 1044 2481 1112 2572; x_wconf 73' lang='lat' dir='ltr'>pet</span> <span class='ocrx_word' id='word_1_97' title='bbox 1136 2485 1272 2546; x_wconf 77' lang='lat' dir='ltr'>motum</span> <span class='ocrx_word' id='word_1_98' title='bbox 1300 2459 1523 2576; x_wconf 73' lang='lat' dir='ltr'>obreptionis.</span> <span class='ocrx_word' id='word_1_99' title='bbox 1675 2551 1687 2573; x_wconf 77' lang='lat'><em>.</em></span> 
     </span>
    </p>
   </div>
   <div class='ocr_carea' id='block_1_6' title="bbox 298 2666 1950 3136">
    <p class='ocr_par' dir='ltr' id='par_1_6' title="bbox 298 2666 1950 3136">
     <span class='ocr_line' id='line_1_14' title="bbox 432 2666 1950 2788; baseline 0.002 -30"><span class='ocrx_word' id='word_1_100' title='bbox 432 2667 527 2758; x_wconf 86' lang='lat' dir='ltr'>Esto</span> <span class='ocrx_word' id='word_1_101' title='bbox 544 2697 659 2756; x_wconf 88' lang='lat' dir='ltr'>curva</span> <span class='ocrx_word' id='word_1_102' title='bbox 682 2671 773 2758; x_wconf 73' lang='lat' dir='ltr'>data</span> <span class='ocrx_word' id='word_1_103' title='bbox 789 2673 1005 2788; x_wconf 84' lang='lat' dir='ltr'>algebraica</span> <span class='ocrx_word' id='word_1_104' title='bbox 1026 2667 1071 2758; x_wconf 92' lang='lat' dir='ltr'>A</span> <span class='ocrx_word' id='word_1_105' title='bbox 1085 2667 1195 2773; x_wconf 90' lang='lat' dir='ltr'>CB,</span> <span class='ocrx_word' id='word_1_106' title='bbox 1228 2705 1312 2788; x_wconf 78' lang='lat' dir='ltr'>qua</span> <span class='ocrx_word' id='word_1_107' title='bbox 1331 2703 1399 2788; x_wconf 86' lang='lat' dir='ltr'>per</span> <span class='ocrx_word' id='word_1_108' title='bbox 1424 2666 1556 2784; x_wconf 82' lang='lat' dir='ltr'>Postul.</span> <span class='ocrx_word' id='word_1_109' title='bbox 1574 2671 1639 2762; x_wconf 86' lang='lat'>11.</span> <span class='ocrx_word' id='word_1_110' title='bbox 1663 2668 1762 2764; x_wconf 88' lang='lat' dir='ltr'>sece·</span> <span class='ocrx_word' id='word_1_111' title='bbox 1778 2679 1950 2787; x_wconf 66' lang='lat' dir='ltr'>enm</span> 
     </span>
     <span class='ocr_line' id='line_1_15' title="bbox 373 2767 1908 2909; baseline 0.001 -34"><span class='ocrx_word' id='word_1_112' title='bbox 373 2792 499 2875; x_wconf 83' lang='lat' dir='ltr'>tur-in</span> <span class='ocrx_word' id='word_1_113' title='bbox 522 2813 648 2900; x_wconf 88' lang='lat' dir='ltr'>partes</span> <span class='ocrx_word' id='word_1_114' title='bbox 673 2792 824 2902; x_wconf 83' lang='lat' dir='ltr'>aliquot</span> <span class='ocrx_word' id='word_1_115' title='bbox 846 2791 1008 2902; x_wconf 87' lang='lat' dir='ltr'>aeqttales</span> <span class='ocrx_word' id='word_1_116' title='bbox 1030 2791 1313 2904; x_wconf 84' lang='lat' dir='ltr'>amplitudinis,</span> <span class='ocrx_word' id='word_1_117' title='bbox 1344 2793 1514 2906; x_wconf 89' lang='lat' dir='ltr'>exempli</span> <span class='ocrx_word' id='word_1_118' title='bbox 1540 2795 1693 2909; x_wconf 85' lang='lat' dir='ltr'>gratia,</span> <span class='ocrx_word' id='word_1_119' title='bbox 1725 2795 1766 2877; x_wconf 93' lang='lat' dir='ltr'>in</span> <span class='ocrx_word' id='word_1_120' title='bbox 1799 2767 1856 2856; x_wconf 56' lang='lat'>³⁸·</span> <span class='ocrx_word' id='word_1_121' title='bbox 1878 2795 1908 2854; x_wconf 78' lang='lat'>5·</span> 
     </span>
     <span class='ocr_line' id='line_1_16' title="bbox 298 2900 1767 3016; baseline 0.001 -24"><span class='ocrx_word' id='word_1_122' title='bbox 298 2986 313 3016; x_wconf 75' lang='lat'>‚</span> <span class='ocrx_word' id='word_1_123' title='bbox 373 2905 469 2992; x_wconf 86' lang='lat' dir='ltr'>duas</span> <span class='ocrx_word' id='word_1_124' title='bbox 490 2901 578 2992; x_wconf 89' lang='grc' dir='ltr'>ΑΡ</span> <span class='ocrx_word' id='word_1_125' title='bbox 606 2912 647 2992; x_wconf 78' lang='grc' dir='ltr'>δι</span> <span class='ocrx_word' id='word_1_126' title='bbox 670 2901 763 2990; x_wconf 89' lang='grc' dir='ltr'>ΡΒ.</span> <span class='ocrx_word' id='word_1_127' title='bbox 805 2900 1072 2990; x_wconf 89' lang='lat' dir='ltr'>Convertatur</span> <span class='ocrx_word' id='word_1_128' title='bbox 1098 2935 1173 2992; x_wconf 91' lang='lat' dir='ltr'>una</span> <span class='ocrx_word' id='word_1_129' title='bbox 1196 2936 1245 2992; x_wconf 88' lang='lat' dir='ltr'>ex</span> <span class='ocrx_word' id='word_1_130' title='bbox 1268 2911 1335 3008; x_wconf 90' lang='lat' dir='ltr'>iis,</span> <span class='ocrx_word' id='word_1_131' title='bbox 1361 2934 1404 2993; x_wconf 92' lang='lat' dir='ltr'>ut</span> <span class='ocrx_word' id='word_1_132' title='bbox 1426 2904 1537 3002; x_wconf 82' lang='grc' dir='ltr'>ΑΡ,</span> <span class='ocrx_word' id='word_1_133' title='bbox 1564 2911 1663 2995; x_wconf 89' lang='lat' dir='ltr'>circa</span> <span class='ocrx_word' id='word_1_134' title='bbox 1683 2937 1767 2994; x_wconf 89' lang='lat' dir='ltr'>rec·</span> 
     </span>
     <span class='ocr_line' id='line_1_17' title="bbox 373 3017 1767 3136; baseline 0.003 -30"><span class='ocrx_word' id='word_1_135' title='bbox 373 3049 452 3106; x_wconf 91' lang='lat' dir='ltr'>tam</span> <span class='ocrx_word' id='word_1_136' title='bbox 486 3047 710 3136; x_wconf 79' lang='lat' dir='ltr'>tangentem</span> <span class='ocrx_word' id='word_1_137' title='bbox 741 3023 782 3104; x_wconf 93' lang='lat' dir='ltr'>in</span> <span class='ocrx_word' id='word_1_138' title='bbox 811 3017 842 3105; x_wconf 89' lang='lat' dir='ltr'>P</span> <span class='ocrx_word' id='word_1_139' title='bbox 874 3046 1058 3134; x_wconf 83' lang='lat' dir='ltr'>tanquam</span> <span class='ocrx_word' id='word_1_140' title='bbox 1093 3025 1192 3108; x_wconf 88' lang='lat' dir='ltr'>circa</span> <span class='ocrx_word' id='word_1_141' title='bbox 1226 3051 1370 3123; x_wconf 85' lang='lat' dir='ltr'>axem,</span> <span class='ocrx_word' id='word_1_142' title='bbox 1404 3048 1448 3108; x_wconf 94' lang='lat' dir='ltr'>ut</span> <span class='ocrx_word' id='word_1_143' title='bbox 1479 3025 1702 3112; x_wconf 81' lang='lat' dir='ltr'>convexitas</span> <span class='ocrx_word' id='word_1_144' title='bbox 1724 3027 1767 3110; x_wconf 90' lang='lat' dir='ltr'>in</span> 
     </span>
    </p>
   </div>
   <div class='ocr_carea' id='block_1_7' title="bbox 373 3133 1766 3254">
    <p class='ocr_par' dir='ltr' id='par_1_7' title="bbox 373 3133 1766 3254">
     <span class='ocr_line' id='line_1_18' title="bbox 373 3133 1766 3254; baseline 0.003 -32"><span class='ocrx_word' id='word_1_145' title='bbox 373 3143 600 3224; x_wconf 88' lang='lat' dir='ltr'>contrariam</span> <span class='ocrx_word' id='word_1_146' title='bbox 621 3161 818 3237; x_wconf 90' lang='lat' dir='ltr'>mutetur,</span> <span class='ocrx_word' id='word_1_147' title='bbox 847 3133 966 3224; x_wconf 89' lang='lat' dir='ltr'>sumat</span> <span class='ocrx_word' id='word_1_148' title='bbox 995 3163 1044 3222; x_wconf 90' lang='lat' dir='ltr'>ue</span> <span class='ocrx_word' id='word_1_149' title='bbox 1067 3137 1177 3223; x_wconf 88' lang='lat' dir='ltr'>fitum</span> <span class='ocrx_word' id='word_1_150' title='bbox 1206 3137 1307 3232; x_wconf 75' lang='lat' dir='ltr'>aP5</span> <span class='ocrx_word' id='word_1_151' title='bbox 1336 3141 1376 3224; x_wconf 91' lang='lat' dir='ltr'>in</span> <span class='ocrx_word' id='word_1_152' title='bbox 1402 3139 1480 3226; x_wconf 91' lang='lat' dir='ltr'>hoc</span> <span class='ocrx_word' id='word_1_153' title='bbox 1504 3141 1574 3226; x_wconf 85' lang='lat' dir='ltr'>stru</span> <span class='ocrx_word' id='word_1_154' title='bbox 1600 3141 1766 3254; x_wconf 87' lang='lat' dir='ltr'>obrepat</span> 
     </span>
    </p>
   </div>
   <div class='ocr_carea' id='block_1_8' title="bbox 368 3167 1763 3457">
    <p class='ocr_par' dir='ltr' id='par_1_8' title="bbox 368 3167 1763 3457">
     <span class='ocr_line' id='line_1_19' title="bbox 368 3167 1763 3457; baseline 0.002 -116"><span class='ocrx_word' id='word_1_155' title='bbox 368 3253 439 3341; x_wconf 76' lang='lat' dir='ltr'>uP</span> <span class='ocrx_word' id='word_1_156' title='bbox 472 3281 619 3368; x_wconf 88' lang='lat' dir='ltr'>partem</span> <span class='ocrx_word' id='word_1_157' title='bbox 649 3249 811 3346; x_wconf 85' lang='lat' dir='ltr'>PCB;</span> <span class='ocrx_word' id='word_1_158' title='bbox 848 3257 902 3338; x_wconf 92' lang='lat' dir='ltr'>ira</span> <span class='ocrx_word' id='word_1_159' title='bbox 925 3315 937 3354; x_wconf 92' lang='lat'>,</span> <span class='ocrx_word' id='word_1_160' title='bbox 967 3167 1144 3356; x_wconf 70' lang='lat' dir='ltr'>scilicet,</span> <span class='ocrx_word' id='word_1_161' title='bbox 1174 3281 1217 3340; x_wconf 88' lang='lat' dir='ltr'>ut</span> <span class='ocrx_word' id='word_1_162' title='bbox 1242 3260 1340 3340; x_wconf 90' lang='lat' dir='ltr'>inter</span> <span class='ocrx_word' id='word_1_163' title='bbox 1370 3256 1586 3457; x_wconf 58' lang='lat' dir='ltr'>regendum</span> <span class='ocrx_word' id='word_1_164' title='bbox 1616 3253 1763 3370; x_wconf 86' lang='lat' dir='ltr'>semper</span> 
     </span>
    </p>
   </div>
   <div class='ocr_carea' id='block_1_9' title="bbox 369 3363 1862 5124">
    <p class='ocr_par' dir='ltr' id='par_1_9' title="bbox 369 3363 1862 5124">
     <span class='ocr_line' id='line_1_20' title="bbox 371 3363 1761 3488; baseline 0.002 -31"><span class='ocrx_word' id='word_1_165' title='bbox 371 3369 494 3460; x_wconf 90' lang='lat' dir='ltr'>servet</span> <span class='ocrx_word' id='word_1_166' title='bbox 523 3373 633 3457; x_wconf 87' lang='lat' dir='ltr'>strum</span> <span class='ocrx_word' id='word_1_167' title='bbox 662 3411 690 3456; x_wconf 69' lang='lat' dir='ltr'>a</span> <span class='ocrx_word' id='word_1_168' title='bbox 709 3367 750 3456; x_wconf 93' lang='lat' dir='ltr'>C</span> <span class='ocrx_word' id='word_1_169' title='bbox 768 3408 799 3454; x_wconf 78' lang='grc' dir='ltr'>π</span> <span class='ocrx_word' id='word_1_170' title='bbox 827 3371 1050 3484; x_wconf 89' lang='lat' dir='ltr'>parallelum</span> <span class='ocrx_word' id='word_1_171' title='bbox 1088 3373 1214 3484; x_wconf 88' lang='lat' dir='ltr'>primo</span> <span class='ocrx_word' id='word_1_172' title='bbox 1250 3363 1331 3458; x_wconf 66' lang='grc' dir='ltr'>ΔΡ.</span> <span class='ocrx_word' id='word_1_173' title='bbox 1438 3403 1529 3459; x_wconf 89' lang='lat' dir='ltr'>utva</span> <span class='ocrx_word' id='word_1_174' title='bbox 1559 3377 1761 3488; x_wconf 89' lang='lat' dir='ltr'>reptoria,</span> 
     </span>
     <span class='ocr_line' id='line_1_21' title="bbox 371 3481 1763 3604; baseline 0.001 -30"><span class='ocrx_word' id='word_1_175' title='bbox 371 3519 455 3604; x_wconf 79' lang='lat' dir='ltr'>qua</span> <span class='ocrx_word' id='word_1_176' title='bbox 480 3490 568 3574; x_wconf 88' lang='lat' dir='ltr'>hinc</span> <span class='ocrx_word' id='word_1_177' title='bbox 585 3483 829 3589; x_wconf 86' lang='lat' dir='ltr'>describitur,</span> <span class='ocrx_word' id='word_1_178' title='bbox 856 3481 889 3574; x_wconf 88' lang='lat' dir='ltr'>P</span> <span class='ocrx_word' id='word_1_179' title='bbox 908 3525 940 3568; x_wconf 73' lang='grc' dir='ltr'>π</span> <span class='ocrx_word' id='word_1_180' title='bbox 955 3487 1026 3600; x_wconf 83' lang='lat' dir='ltr'>Q,</span> <span class='ocrx_word' id='word_1_181' title='bbox 1053 3515 1122 3601; x_wconf 87' lang='lat' dir='ltr'>per</span> <span class='ocrx_word' id='word_1_182' title='bbox 1138 3493 1319 3601; x_wconf 63' lang='lat' dir='ltr'>punctum</span> <span class='ocrx_word' id='word_1_183' title='bbox 1342 3488 1505 3604; x_wconf 81' lang='lat' dir='ltr'>aliquod</span> <span class='ocrx_word' id='word_1_184' title='bbox 1527 3491 1578 3576; x_wconf 92' lang='lat' dir='ltr'>ad</span> <span class='ocrx_word' id='word_1_185' title='bbox 1595 3493 1763 3577; x_wconf 87' lang='lat' dir='ltr'>lubitum</span> 
     </span>
     <span class='ocr_line' id='line_1_22' title="bbox 370 3601 1760 3722; baseline 0.002 -31"><span class='ocrx_word' id='word_1_186' title='bbox 370 3605 570 3694; x_wconf 86' lang='lat' dir='ltr'>assumtum</span> <span class='ocrx_word' id='word_1_187' title='bbox 592 3609 631 3690; x_wconf 91' lang='lat' dir='ltr'>in</span> <span class='ocrx_word' id='word_1_188' title='bbox 654 3609 772 3718; x_wconf 92' lang='lat' dir='ltr'>plano</span> <span class='ocrx_word' id='word_1_189' title='bbox 794 3633 918 3690; x_wconf 81' lang='lat' dir='ltr'>curva</span> <span class='ocrx_word' id='word_1_190' title='bbox 940 3644 967 3688; x_wconf 75' lang='grc' dir='ltr'>ιι</span> <span class='ocrx_word' id='word_1_191' title='bbox 988 3601 1029 3691; x_wconf 92' lang='lat' dir='ltr'>C</span> <span class='ocrx_word' id='word_1_192' title='bbox 1049 3643 1102 3704; x_wconf 72' lang='grc' dir='ltr'>π,</span> <span class='ocrx_word' id='word_1_193' title='bbox 1134 3630 1175 3690; x_wconf 90' lang='lat' dir='ltr'>ut</span> <span class='ocrx_word' id='word_1_194' title='bbox 1201 3643 1265 3705; x_wconf 74' lang='grc' dir='ltr'>π,</span> <span class='ocrx_word' id='word_1_195' title='bbox 1304 3609 1376 3692; x_wconf 93' lang='lat' dir='ltr'>erit</span> <span class='ocrx_word' id='word_1_196' title='bbox 1406 3636 1481 3697; x_wconf 84' lang='lat' dir='ltr'>una</span> <span class='ocrx_word' id='word_1_197' title='bbox 1504 3637 1553 3692; x_wconf 90' lang='lat' dir='ltr'>ex</span> <span class='ocrx_word' id='word_1_198' title='bbox 1584 3605 1760 3722; x_wconf 74' lang='lat' dir='ltr'>quaesitis·</span> 
     </span>
     <span class='ocr_line' id='line_1_23' title="bbox 371 3717 1762 3835; baseline -0.001 -25"><span class='ocrx_word' id='word_1_199' title='bbox 371 3719 435 3810; x_wconf 79' lang='lat' dir='ltr'>Eli</span> <span class='ocrx_word' id='word_1_200' title='bbox 459 3725 584 3822; x_wconf 89' lang='lat' dir='ltr'>enim,</span> <span class='ocrx_word' id='word_1_201' title='bbox 610 3753 677 3835; x_wconf 90' lang='lat' dir='ltr'>pet</span> <span class='ocrx_word' id='word_1_202' title='bbox 705 3721 902 3810; x_wconf 80' lang='lat' dir='ltr'>Theorema</span> <span class='ocrx_word' id='word_1_203' title='bbox 914 3721 949 3807; x_wconf 88' lang='grc' dir='ltr'>Ι.</span> <span class='ocrx_word' id='word_1_204' title='bbox 978 3719 1011 3808; x_wconf 89' lang='lat' dir='ltr'>P</span> <span class='ocrx_word' id='word_1_205' title='bbox 1029 3759 1060 3804; x_wconf 80' lang='lat' dir='ltr'>tr</span> <span class='ocrx_word' id='word_1_206' title='bbox 1083 3719 1242 3830; x_wconf 74' lang='lat' dir='ltr'>Q==oe</span> <span class='ocrx_word' id='word_1_207' title='bbox 1259 3717 1300 3806; x_wconf 90' lang='lat' dir='ltr'>C</span> <span class='ocrx_word' id='word_1_208' title='bbox 1313 3761 1343 3805; x_wconf 79' lang='grc' dir='ltr'>π</span> <span class='ocrx_word' id='word_1_209' title='bbox 1357 3719 1450 3814; x_wconf 84' lang='lat'>÷1&gt;</span> <span class='ocrx_word' id='word_1_210' title='bbox 1464 3719 1506 3806; x_wconf 91' lang='lat' dir='ltr'>C</span> <span class='ocrx_word' id='word_1_211' title='bbox 1517 3719 1551 3807; x_wconf 94' lang='lat' dir='ltr'>B</span> <span class='ocrx_word' id='word_1_212' title='bbox 1562 3749 1632 3788; x_wconf 87' lang='lat'>=-·-·</span> <span class='ocrx_word' id='word_1_213' title='bbox 1654 3719 1762 3834; x_wconf 82' lang='lat' dir='ltr'>[quia</span> 
     </span>
     <span class='ocr_line' id='line_1_24' title="bbox 370 3831 1773 3952; baseline -0.005 -26"><span class='ocrx_word' id='word_1_214' title='bbox 370 3837 848 3942; x_wconf 56' lang='lat' dir='ltr'>acff=a1&gt;=AP]</span> <span class='ocrx_word' id='word_1_215' title='bbox 872 3831 1335 3931; x_wconf 77' lang='lat' dir='ltr'>AP÷PB=A1²B.</span> <span class='ocrx_word' id='word_1_216' title='bbox 1379 3836 1443 3925; x_wconf 88' lang='lat' dir='ltr'>Est</span> <span class='ocrx_word' id='word_1_217' title='bbox 1462 3863 1591 3922; x_wconf 88' lang='lat' dir='ltr'>autem</span> <span class='ocrx_word' id='word_1_218' title='bbox 1614 3834 1691 3921; x_wconf 75' lang='grc' dir='ltr'>Ρπ</span> <span class='ocrx_word' id='word_1_219' title='bbox 1710 3835 1773 3952; x_wconf 83' lang='lat' dir='ltr'>Q</span> 
     </span>
     <span class='ocr_line' id='line_1_25' title="bbox 370 3953 1758 4072; baseline -0.003 -30"><span class='ocrx_word' id='word_1_220' title='bbox 370 3987 488 4044; x_wconf 86' lang='lat' dir='ltr'>curva</span> <span class='ocrx_word' id='word_1_221' title='bbox 510 3959 748 4072; x_wconf 85' lang='lat' dir='ltr'>algebraica,</span> <span class='ocrx_word' id='word_1_222' title='bbox 780 3988 848 4070; x_wconf 91' lang='lat' dir='ltr'>per</span> <span class='ocrx_word' id='word_1_223' title='bbox 869 3958 1022 4042; x_wconf 77' lang='lat' dir='ltr'>Lemma</span> <span class='ocrx_word' id='word_1_224' title='bbox 1042 3955 1076 4043; x_wconf 84' lang='grc' dir='ltr'>Ι.</span> <span class='ocrx_word' id='word_1_225' title='bbox 1124 3953 1326 4072; x_wconf 84' lang='lat' dir='ltr'>Adeoque</span> <span class='ocrx_word' id='word_1_226' title='bbox 1345 3955 1441 4040; x_wconf 86' lang='lat' dir='ltr'>datae</span> <span class='ocrx_word' id='word_1_227' title='bbox 1457 3955 1680 4068; x_wconf 85' lang='lat' dir='ltr'>algebraicae</span> <span class='ocrx_word' id='word_1_228' title='bbox 1699 3955 1758 4038; x_wconf 90' lang='lat' dir='ltr'>in·</span> 
     </span>
     <span class='ocr_line' id='line_1_26' title="bbox 370 4069 1758 4189; baseline -0.004 -30"><span class='ocrx_word' id='word_1_229' title='bbox 370 4101 487 4162; x_wconf 87' lang='lat' dir='ltr'>venta</span> <span class='ocrx_word' id='word_1_230' title='bbox 513 4077 567 4162; x_wconf 90' lang='lat' dir='ltr'>est</span> <span class='ocrx_word' id='word_1_231' title='bbox 600 4078 673 4162; x_wconf 90' lang='lat' dir='ltr'>alia</span> <span class='ocrx_word' id='word_1_232' title='bbox 700 4075 916 4187; x_wconf 85' lang='lat' dir='ltr'>algebraica</span> <span class='ocrx_word' id='word_1_233' title='bbox 942 4077 1120 4189; x_wconf 81' lang='lat' dir='ltr'>aequalis;</span> <span class='ocrx_word' id='word_1_234' title='bbox 1153 4077 1215 4159; x_wconf 91' lang='lat' dir='ltr'>cui</span> <span class='ocrx_word' id='word_1_235' title='bbox 1244 4075 1376 4187; x_wconf 87' lang='lat' dir='ltr'>postea</span> <span class='ocrx_word' id='word_1_236' title='bbox 1403 4071 1540 4158; x_wconf 90' lang='lat' dir='ltr'>eadem</span> <span class='ocrx_word' id='word_1_237' title='bbox 1566 4069 1758 4159; x_wconf 90' lang='lat' dir='ltr'>methodo</span> 
     </span>
     <span class='ocr_line' id='line_1_27' title="bbox 371 4185 1862 4305; baseline -0.004 -28"><span class='ocrx_word' id='word_1_238' title='bbox 371 4193 534 4278; x_wconf 89' lang='lat' dir='ltr'>inveniri</span> <span class='ocrx_word' id='word_1_239' title='bbox 557 4193 682 4305; x_wconf 86' lang='lat' dir='ltr'>potest</span> <span class='ocrx_word' id='word_1_240' title='bbox 706 4190 858 4303; x_wconf 79' lang='lat' dir='ltr'>aqualis</span> <span class='ocrx_word' id='word_1_241' title='bbox 880 4185 1073 4292; x_wconf 88' lang='lat' dir='ltr'>secunda,</span> <span class='ocrx_word' id='word_1_242' title='bbox 1100 4197 1139 4273; x_wconf 78' lang='grc' dir='ltr'>δι</span> <span class='ocrx_word' id='word_1_243' title='bbox 1163 4189 1307 4277; x_wconf 89' lang='lat' dir='ltr'>deinde</span> <span class='ocrx_word' id='word_1_244' title='bbox 1328 4187 1499 4276; x_wconf 75' lang='lat' dir='ltr'>secunda</span> <span class='ocrx_word' id='word_1_245' title='bbox 1520 4193 1658 4289; x_wconf 90' lang='lat' dir='ltr'>tertia,</span> <span class='ocrx_word' id='word_1_246' title='bbox 1682 4213 1758 4275; x_wconf 88' lang='lat' dir='ltr'>ter·</span> <span class='ocrx_word' id='word_1_247' title='bbox 1857 4297 1862 4304; x_wconf 16' lang='grc' dir='ltr'><strong><em>ι</em></strong></span> 
     </span>
     <span class='ocr_line' id='line_1_28' title="bbox 369 4302 1759 4425; baseline -0.003 -33"><span class='ocrx_word' id='word_1_248' title='bbox 369 4311 433 4392; x_wconf 81' lang='lat' dir='ltr'>tiae</span> <span class='ocrx_word' id='word_1_249' title='bbox 454 4335 588 4425; x_wconf 89' lang='lat' dir='ltr'>quarta</span> <span class='ocrx_word' id='word_1_250' title='bbox 611 4317 651 4396; x_wconf 78' lang='grc' dir='ltr'>δι</span> <span class='ocrx_word' id='word_1_251' title='bbox 673 4310 727 4392; x_wconf 91' lang='lat' dir='ltr'>ita</span> <span class='ocrx_word' id='word_1_252' title='bbox 747 4309 788 4390; x_wconf 93' lang='lat' dir='ltr'>in</span> <span class='ocrx_word' id='word_1_253' title='bbox 810 4302 1012 4390; x_wconf 87' lang='lat' dir='ltr'>infinitum.</span> <span class='ocrx_word' id='word_1_254' title='bbox 1070 4305 1170 4392; x_wconf 88' lang='lat' dir='ltr'>Sunt</span> <span class='ocrx_word' id='word_1_255' title='bbox 1191 4337 1287 4393; x_wconf 90' lang='lat' dir='ltr'>vero</span> <span class='ocrx_word' id='word_1_256' title='bbox 1311 4312 1429 4397; x_wconf 91' lang='lat' dir='ltr'>etiam</span> <span class='ocrx_word' id='word_1_257' title='bbox 1449 4335 1585 4394; x_wconf 89' lang='lat' dir='ltr'>omnes</span> <span class='ocrx_word' id='word_1_258' title='bbox 1604 4303 1759 4390; x_wconf 74' lang='lat' dir='ltr'>dissimi-</span> 
     </span>
     <span class='ocr_line' id='line_1_29' title="bbox 371 4420 1753 4540; baseline -0.005 -30"><span class='ocrx_word' id='word_1_259' title='bbox 371 4427 454 4520; x_wconf 91' lang='lat' dir='ltr'>les,</span> <span class='ocrx_word' id='word_1_260' title='bbox 474 4429 658 4540; x_wconf 90' lang='lat' dir='ltr'>quoniam</span> <span class='ocrx_word' id='word_1_261' title='bbox 677 4420 823 4536; x_wconf 86' lang='lat' dir='ltr'>semper</span> <span class='ocrx_word' id='word_1_262' title='bbox 842 4449 926 4536; x_wconf 86' lang='lat' dir='ltr'>pars</span> <span class='ocrx_word' id='word_1_263' title='bbox 946 4425 1121 4536; x_wconf 83' lang='lat' dir='ltr'>reptotiae</span> <span class='ocrx_word' id='word_1_264' title='bbox 1145 4450 1315 4510; x_wconf 88' lang='lat' dir='ltr'>extrema</span> <span class='ocrx_word' id='word_1_265' title='bbox 1339 4421 1416 4512; x_wconf 67' lang='lat' dir='ltr'>Px</span> <span class='ocrx_word' id='word_1_266' title='bbox 1438 4425 1592 4540; x_wconf 82' lang='lat' dir='ltr'>aequalis</span> <span class='ocrx_word' id='word_1_267' title='bbox 1604 4424 1658 4506; x_wconf 90' lang='lat' dir='ltr'>est</span> <span class='ocrx_word' id='word_1_268' title='bbox 1669 4448 1753 4533; x_wconf 88' lang='lat' dir='ltr'>pat·</span> 
     </span>
     <span class='ocr_line' id='line_1_30' title="bbox 370 4535 1754 4652; baseline -0.006 -20"><span class='ocrx_word' id='word_1_269' title='bbox 370 4544 475 4632; x_wconf 86' lang='lat' dir='ltr'>tibus</span> <span class='ocrx_word' id='word_1_270' title='bbox 495 4539 685 4636; x_wconf 57' lang='lat' dir='ltr'>Pc÷n</span> <span class='ocrx_word' id='word_1_271' title='bbox 698 4535 768 4640; x_wconf 90' lang='lat' dir='ltr'>C,</span> <span class='ocrx_word' id='word_1_272' title='bbox 802 4541 878 4625; x_wconf 91' lang='lat' dir='ltr'>hoc</span> <span class='ocrx_word' id='word_1_273' title='bbox 901 4541 955 4626; x_wconf 92' lang='lat' dir='ltr'>est</span> <span class='ocrx_word' id='word_1_274' title='bbox 976 4543 1073 4652; x_wconf 89' lang='lat' dir='ltr'>parti</span> <span class='ocrx_word' id='word_1_275' title='bbox 1098 4541 1211 4624; x_wconf 88' lang='lat' dir='ltr'>alicui</span> <span class='ocrx_word' id='word_1_276' title='bbox 1239 4541 1472 4626; x_wconf 82' lang='lat' dir='ltr'>intermedia</span> <span class='ocrx_word' id='word_1_277' title='bbox 1505 4539 1604 4622; x_wconf 86' lang='lat' dir='ltr'>inter</span> <span class='ocrx_word' id='word_1_278' title='bbox 1628 4560 1754 4624; x_wconf 86' lang='lat' dir='ltr'>extre·</span> 
     </span>
     <span class='ocr_line' id='line_1_31' title="bbox 369 4651 1757 4773; baseline -0.004 -27"><span class='ocrx_word' id='word_1_279' title='bbox 369 4663 523 4748; x_wconf 82' lang='lat' dir='ltr'>nirates</span> <span class='ocrx_word' id='word_1_280' title='bbox 557 4689 679 4748; x_wconf 82' lang='lat' dir='ltr'>curva</span> <span class='ocrx_word' id='word_1_281' title='bbox 706 4659 803 4743; x_wconf 84' lang='lat' dir='ltr'>datae</span> <span class='ocrx_word' id='word_1_282' title='bbox 838 4651 883 4744; x_wconf 94' lang='lat' dir='ltr'>A</span> <span class='ocrx_word' id='word_1_283' title='bbox 898 4653 980 4744; x_wconf 88' lang='lat' dir='ltr'>PB</span> <span class='ocrx_word' id='word_1_284' title='bbox 1000 4687 1012 4750; x_wconf 77' lang='lat' dir='ltr'>t</span> <span class='ocrx_word' id='word_1_285' title='bbox 1044 4657 1154 4773; x_wconf 91' lang='lat' dir='ltr'>quod</span> <span class='ocrx_word' id='word_1_286' title='bbox 1182 4654 1386 4746; x_wconf 84' lang='lat' dir='ltr'>necessario</span> <span class='ocrx_word' id='word_1_287' title='bbox 1417 4653 1757 4741; x_wconf 81' lang='lat' dir='ltr'>dillimilitudinem</span> 
     </span>
     <span class='ocr_line' id='line_1_32' title="bbox 372 4763 1754 4892; baseline 0 -33"><span class='ocrx_word' id='word_1_288' title='bbox 372 4805 595 4880; x_wconf 86' lang='lat' dir='ltr'>curvatum,</span> <span class='ocrx_word' id='word_1_289' title='bbox 624 4778 865 4892; x_wconf 89' lang='lat' dir='ltr'>patriumque</span> <span class='ocrx_word' id='word_1_290' title='bbox 894 4779 976 4884; x_wconf 88' lang='lat' dir='ltr'>ejus</span> <span class='ocrx_word' id='word_1_291' title='bbox 1002 4777 1149 4889; x_wconf 69' lang='lat' dir='ltr'>arguite</span> <span class='ocrx_word' id='word_1_292' title='bbox 1171 4797 1336 4884; x_wconf 86' lang='lat' dir='ltr'>excepto</span> <span class='ocrx_word' id='word_1_293' title='bbox 1372 4776 1490 4860; x_wconf 94' lang='lat' dir='ltr'>unico</span> <span class='ocrx_word' id='word_1_294' title='bbox 1521 4763 1638 4872; x_wconf 86' lang='lat' dir='ltr'>casu,</span> <span class='ocrx_word' id='word_1_295' title='bbox 1671 4799 1754 4886; x_wconf 91' lang='lat' dir='ltr'>quo</span> 
     </span>
     <span class='ocr_line' id='line_1_33' title="bbox 370 4887 1754 5094; baseline -0.004 -116"><span class='ocrx_word' id='word_1_296' title='bbox 370 4921 512 5011; x_wconf 89' lang='lat' dir='ltr'>nempe</span> <span class='ocrx_word' id='word_1_297' title='bbox 540 4923 657 4986; x_wconf 83' lang='lat' dir='ltr'>cttrua</span> <span class='ocrx_word' id='word_1_298' title='bbox 671 4891 761 4982; x_wconf 81' lang='lat' dir='ltr'>data</span> <span class='ocrx_word' id='word_1_299' title='bbox 788 4895 983 5008; x_wconf 74' lang='lat' dir='ltr'>aequabilis</span> <span class='ocrx_word' id='word_1_300' title='bbox 1003 4891 1280 5094; x_wconf 56' lang='lat' dir='ltr'>convergtatis,</span> <span class='ocrx_word' id='word_1_301' title='bbox 1304 4887 1513 5012; x_wconf 88' lang='lat' dir='ltr'>omnesque</span> <span class='ocrx_word' id='word_1_302' title='bbox 1540 4889 1641 4978; x_wconf 88' lang='lat' dir='ltr'>adeo</span> <span class='ocrx_word' id='word_1_303' title='bbox 1668 4915 1754 5003; x_wconf 89' lang='lat' dir='ltr'>par·</span> 
     </span>
     <span class='ocr_line' id='line_1_34' title="bbox 1195 5025 1759 5124; baseline 0 -39"><span class='ocrx_word' id='word_1_304' title='bbox 1195 5035 1267 5124; x_wconf 85' lang='lat' dir='ltr'>gg</span> <span class='ocrx_word' id='word_1_305' title='bbox 1327 5039 1348 5098; x_wconf 91' lang='lat'><em>2</em></span> <span class='ocrx_word' id='word_1_306' title='bbox 1697 5025 1759 5086; x_wconf 87' lang='lat' dir='ltr'>tes</span> 
     </span>
    </p>
   </div>
   <div class='ocr_carea' id='block_1_10' title="bbox 0 0 2754 6884">
    <p class='ocr_par' dir='ltr' id='par_1_10' title="bbox 0 0 2754 6884">
     <span class='ocr_line' id='line_1_35' title="bbox 0 0 2754 6884; baseline 0 2"><span class='ocrx_word' id='word_1_307' title='bbox 0 0 2754 6884; x_wconf 95' lang='lat' dir='ltr'> </span> 
     </span>
    </p>
   </div>
  </div>
 </body>
</html>
