5500 6884
725 1005 1027 1106 nucuuM
1073 1003 1418 1104 MENSURA.
1703 1043 1780 1136 ²53

387 1213 478 1278 arcu
502 1177 593 1273 BC
615 1181 808 1300 relinquet
830 1182 1083 1271 differentiam
1105 1184 1410 1286 rectilineaem,
1437 1207 1522 1297 quat
1552 1177 1607 1272 ita
1635 1181 1788 1272 inveni·
1823 1281 1825 1284 ¹

388 1331 483 1393 tur:
514 1299 612 1390 Duc
645 1327 847 1416 tangentes
878 1298 983 1402 CP,
1010 1297 1125 1402 ΒΚ,
1153 1327 1398 1390 occurrentes
1428 1295 1514 1387 ΑΡ
1545 1303 1709 1389 normali
1737 1294 1790 1392 'ad

387 1451 503 1513 axem
524 1423 564 1504 in
590 1423 738 1534 pundlis
763 1414 818 1519 P,
838 1415 903 1506 K:
935 1418 1148 1533 exquibus
1173 1423 1322 1532 ageaxi
1344 1418 1540 1532 parallelas
1558 1415 1670 1522 ΡΝ,
1696 1413 1789 1522 KL,

387 1568 474 1656 quae
509 1533 638 1624 secent
669 1536 861 1620 normales
887 1535 939 1621 ad
970 1563 1125 1620 curvam
1157 1532 1283 1638 CN,
1313 1532 1415 1640 BL,
1446 1540 1485 1624 in
1507 1531 1580 1638 N,
1603 1533 1659 1624 L:
1685 1539 1791 1648 erige

388 1653 724 1772 perpendiculares
750 1649 882 1752 No,
906 1647 1032 1752 LM,
1056 1654 1303 1770 tangentibus
1324 1655 1521 1766 produdils
1547 1677 1794 1743 occurrentes

388 1775 430 1858 in
450 1769 526 1870 Ο,-
543 1763 612 1856 Μ.
671 1765 784 1855 Dico
811 1769 1066 1856 differentiam
1088 1773 1273 1856 redarum
1297 1769 1411 1870 ΟΡ,
1436 1766 1544 1862 MK
1567 1767 1644 1860 csse
1664 1795 1793 1886 requa-

240 1947 260 1968 e
388 1889 470 1978 lem
491 1885 714 1975 differentiae
733 1913 889 1975 arcuum
910 1884 1225 2004 parabolicotum
1247 1882 1358 1993 CB,
1382 1883 1488 1978 ΕΙ).

979 2261 1073 2366 Ne
1152 2261 1247 2391 ur.

945 2514 1139 2608 Astu.
1196 2517 1234 2610 Ι.

323 2855 328 2860 ,
387 2746 1290 2878 jae.u.*ueMONsTunT10
1319 2743 1794 2844 sunnunmcn

443 2921 684 3009 Probum
703 2921 748 3002 de
768 2885 927 3032 unaue
950 2918 1193 3037 ejecimus,
1216 2919 1345 3038 absque
1360 2921 1577 3006 amenum
1597 2921 1735 3032 effluere

975 3064 1192 3151 parvorum.
1260 3087 1266 3096 ·

330 3251 335 3258 .
447 3183 542 3276 Item
580 3182 797 3296 Cotpsrudi‘io
838 3187 992 3266 eliorum
1027 3185 1112 3268 huic
1148 3182 1308 3296 misniam
1350 3210 1377 3270 a
1409 3185 1730 3304 stproposttmm

842 3301 958 3411 meuse
974 3295 1090 3388 Maio
1111 3295 1170 3387 A.
1201 3323 1325 3413 1697.

489 3537 566 3612 Um
582 3535 643 3611 sub
666 3535 772 3612 finem
791 3537 874 3612 anni
896 3546 1004 3627 1696.
1030 3535 1195 3612 solutione
1213 3564 1289 3612 mea
1310 3537 1529 3614 Problematis
1555 3540 1596 3614 de
1609 3539 1722 3616 Curva
1736 3565 1789 3617 ce·
1804 3534 1880 3636 Asia
1895 3537 1968 3636 spi*

505 3637 629 3710 letrimi
653 3635 840 3724 descensus,
871 3662 974 3729 quam
998 3635 1156 3709 omnibus
1185 3663 1277 3712 nunc
1295 3637 1425 3712 constat
1463 3637 1524 3713 esse
1562 3639 1758 3732 Cycloidem
1775 3693 1788 3732 ,
1806 3623 1858 3684 ’ω’
1873 3613 1948 3762 [ᾖ

1822 3698 1966 3776 ⁶³5·

389 3732 520 3825 Lipstum
552 3736 698 3830 paranda
719 3759 925 3830 occupauere
958 3737 1109 3808 animum
1135 3734 1233 3811 subiit
1267 3737 1386 3823 aliud,
1410 3738 1486 3808 huic
1508 3740 1643 3830 quidem
1677 3741 1787 3831 quoad
1802 3718 1950 3860 mm

388 3834 561 3907 materiam
586 3832 686 3908 affine
701 3831 780 3923 ,sed
801 3835 913 3928 quoad
928 3835 1182 3926 applicationem
1198 3835 1347 3908 methodi
1357 3837 1398 3907 dc
1413 3841 1570 3908 Maximis
1587 3834 1634 3922 ἓξ
1642 3842 1789 3912 Minimis
1964 3907 1968 3912 .

388 3932 488 4026 plane
524 3930 715 4021 diversum,
755 3959 824 4026 quo
860 3931 1012 4004 videlicet
1042 3960 1144 4028 porro
1187 3935 1370 4028 quaeritur,
1398 3957 1550 4023 quaenam
1576 3957 1618 4002 ex
1646 3931 1787 4008 infinitis

388 4030 607 4123 cycloidibus
640 4031 696 4102 illa
715 4028 776 4118 sit,
809 4057 867 4124 per
909 4055 1010 4124 quam
1043 4030 1242 4107 descendens
1276 4054 1377 4125 grave
1402 4030 1443 4100 nd
1475 4029 1585 4102 datam
1615 4030 1787 4122 quandam

388 4126 552 4223 positione
586 4131 708 4202 lineam
742 4129 892 4203 citissime
931 4131 1105 4225 pertingat.
1169 4136 1214 4208 Et
1246 4131 1406 4224 quoniam
1441 4151 1483 4198 ex
1520 4125 1785 4206 consideratione

389 4224 610 4301 similitudinis
643 4229 844 4320 Cycloidum
875 4226 1033 4300 solutioni
1069 4230 1158 4304 vium
1183 4247 1293 4324 putere
1313 4229 1403 4301 illico
1435 4225 1609 4309 videbam
1642 4228 1784 4322 indeque

390 4325 698 4399 animadvertebant
732 4327 871 4398 modum
909 4328 1067 4420 operandi
1103 4331 1138 4402 in
1177 4326 1335 4400 omnibus
1370 4324 1439 4397 aliis
1474 4327 1595 4398 Curvis
1626 4323 1786 4400 similibus

390 4425 535 4497 eundem
565 4423 727 4509 existere,-
759 4427 829 4496 imo
856 4447 928 4496 non
962 4424 1004 4495 ad
1035 4423 1223 4501 descensum
1247 4443 1380 4498 tuntum
1400 4423 1632 4510 celerrimum,
1658 4422 1712 4496 sed
1740 4425 1783 4498 ad

390 4522 547 4616 plurimas
580 4524 658 4596 alias
694 4525 887 4597 Curvarum
920 4519 1111 4596 functiones
1146 4525 1300 4618 applicati
1343 4518 1462 4616 posset
1502 4521 1785 4613 quemadmodum

390 4617 418 4694 fi
451 4640 618 4714 quaetatur
655 4647 697 4694 ex
732 4621 873 4694 infinitis
911 4621 1033 4696 Curvis
1059 4619 1219 4694 similibus
1241 4624 1328 4708 illa,
1367 4620 1461 4711 cujus
1488 4619 1575 4690 inter
1605 4643 1786 4694 commune

389 4720 578 4815 principum
607 4725 639 4794 dc
666 4722 776 4794 datum
808 4717 970 4813 politione
989 4720 1112 4792 lineam
1137 4723 1357 4816 interceptus,
1380 4717 1433 4790 vel
1453 4741 1575 4804 arcus,
1612 4720 1666 4790 vel
1691 4744 1788 4811 area,

388 4821 447 4891 vel
481 4837 559 4891 nata
586 4817 803 4894 conversione
829 4846 922 4893 arcus
953 4817 1154 4914 superficies,
1190 4839 1249 4894 aut
1285 4817 1375 4912 spatii
1405 4813 1621 4891 conversione
1646 4813 1789 4893 solidum

390 4913 433 4993 stt
456 4917 662 5004 minimum,
700 4923 761 4991 dcc.
803 4919 958 4992 constitui
1001 4919 1198 5004 Problema,
1240 4941 1312 4990 non
1344 4915 1454 4992 minus
1486 4917 1564 4986 utile
1593 4939 1701 5008 guam
1729 4919 1794 4990 ele·

289 5043 293 5051 ·
390 5039 499 5110 gaus,
527 5015 658 5109 publice
690 5041 895 5110 proponeret
934 5023 1027 5092 ut&
1063 5019 1117 5090 ulii
1149 5017 1221 5109 ejus
1250 5013 1522 5108 contemplationi
1547 5037 1687 5100 vacare,
1725 5037 1794 5086 me·

385 5137 539 5209 cumque
562 5113 599 5188 in
618 5131 746 5206 partem
762 5115 937 5193 solutionis
954 5119 1068 5195 uenite
1082 5113 1227 5296 possent
1278 5115 1331 5196 ad
1352 5113 1577 5193 imitatiomm
1599 5114 1710 5207 itaque
1720 5118 1793 5182 rra-

1118 5218 1133 5292 i
1181 5235 1202 5314 3
1688 5213 1793 5299 'ms’

487 5335 912 5415 Psoouunnoum.
