5500 6884
701 767 817 860 DE
868 763 1494 870 NUTRITIONE.
1688 784 1799 878 '281

395 932 501 1022 tlme
528 929 776 1047 prolabenter
803 929 988 1043 globulos
1022 927 1271 1044 sanguineos,
1294 933 1335 1018 in
1360 936 1436 1020 illis
1475 935 1654 1025 nimirum
1676 935 1801 1026 aseen-
1840 1029 1842 1034 s

402 1052 563 1149 dentes,
594 1051 634 1130 in
660 1048 721 1130 his
751 1076 848 1132 vero
876 1052 1021 1132 reflexo
1041 1050 1150 1133 velut
1183 1052 1320 1136 itinere
1352 1051 1429 1135 stne
1465 1056 1553 1150 ulla¹
1577 1059 1799 1170 interpofita

400 1169 552 1255 morula
572 1158 848 1249 descendentes
866 1196 878 1254 r
905 1161 1010 1248 adeo
1034 1189 1078 1249 ut
1104 1193 1153 1249 ert
1179 1171 1321 1250 flexura
1340 1168 1428 1266 illa,
1461 1197 1544 1282 quae
1564 1173 1662 1259 inter
1680 1173 1797 1277 binos

398 1278 576 1394 quosque
587 1281 756 1364 ramulos
769 1280 995 1380 intercedit,
1019 1279 1295 1368 evidentissime
1314 1286 1486 1382 constet,
1506 1289 1719 1400 quamlibet
1733 1321 1788 1377 ar·

400 1400 535 1482 teriam
564 1397 783 1508 capillarum
820 1423 909 1480 cum
934 1390 997 1481 sua
1023 1399 1163 1481 venula
1185 1425 1303 1482 unum
1333 1401 1561 1484 continuum
1593 1403 1794 1494 efformare

399 1509 621 1602 vasculumr
653 1537 733 1594 tarn
759 1535 905 1597 certum
933 1514 1048 1625 igitur
1075 1515 1129 1598 est
1147 1542 1261 1625 quam
1287 1515 1396 1628 quod
1421 1517 1682 1620 certillunum,
1711 1520 1793 1609 duo

397 1629 466 1712 illa
497 1655 636 1742 genera
655 1621 832 1712 vasortlm
860 1656 928 1740 per
950 1628 1191 1713 immediatas
1216 1626 1470 1716 anastomoses
1493 1635 1591 1720 inter
1618 1630 1655 1720 se
1683 1665 1790 1722 com-

396 1749 614 1842 municare,
645 1743 827 1857 adeoque
854 1741 1197 1830 extravasationem
1215 1748 1322 1832 illam
1354 1742 1540 1862 sanguinis
1559 1781 1606 1838 err
1637 1755 1792 1868 capilla.

395 1862 496 1950 tium
523 1855 658 1953 osculis
682 1887 831 1947 merum
854 1855 928 1948 elle
948 1860 1187 1976 figmentum.
1307 1923 1322 1930 --

1039 2085 1150 2181 IX.

394 2417 401 2424 ,
451 2325 560 2439 Qtae
591 2355 679 2414 cum
706 2331 762 2414 ita
786 2320 824 2414 se
860 2327 1063 2428 habeant,
1094 2329 1199 2414 ultro
1225 2321 1330 2442 sequi
1350 2329 1548 2434 videtur,
1578 2331 1781 2422 humorem

385 2449 591 2530 nutritium
619 2450 693 2532 alia
720 2447 838 2559 longe
858 2451 1010 2532 ratione
1039 2475 1090 2532 ex
1119 2446 1215 2530 vasu
1244 2446 1515 2540 deducendum
1546 2447 1633 2534 elle.
1694 2447 1778 2538 Ve-

312 2578 317 2588 '
384 2589 475 2659 tum
505 2565 609 2649 enim
638 2591 735 2648 vero
761 2566 828 2648 vix
856 2568 1064 2677 quicquam
1085 2565 1144 2647 est
1172 2563 1283 2676 quod
1309 2595 1391 2668 rem
1425 2567 1558 2648 clarius
1590 2559 1781 2677 explicet}

381 2705 508 2789 quam
530 2680 557 2763 st
579 2678 775 2778 dicamus,
806 2675 1051 2765 subtililitmas
1069 2673 1258 2793 sanguinis
1279 2683 1501 2794 particulas,
1529 2703 1688 2793 propter
1715 2709 1781 2766 ea<

384 2793 515 2883 iorem
536 2801 575 2878 dr
597 2821 727 2882 motus
751 2795 1017 2908 rapiditatem,
1054 2789 1122 2881 sub
1151 2793 1277 2880 forma
1299 2825 1511 2912 vaporum,
1542 2825 1611 2907 per
1632 2799 1780 2882 tunicas

381 2907 565 2998 vasorum
594 2913 826 3026 capillarium
858 2909 1111 3001 transsudater
1143 2939 1233 2996 cum
1262 2915 1365 2996 enim
1396 2907 1484 3025 ipsae
1510 2916 1645 2997 tunicae
1679 2911 1776 2997 nihil

379 3025 494 3112 aliud
517 3025 588 3110 fint
616 3053 732 3140 quam
754 3027 939 3140 expanfio
960 3034 1174 3113 &textura
1206 3027 1437 3112 infinitarum
1470 3026 1692 3110 fibrillatum
1714 3054 1777 3110 re-

377 3141 574 3233 ticuatin
606 3143 879 3255 implexarum,
910 3133 1160 3256 lieri'nequit
1192 3144 1287 3256 quin
1322 3143 1435 3226 multi
1467 3145 1595 3254 exigui
1626 3165 1775 3226 meatus

377 3282 541 3370 pateant
563 3258 614 3343 td
641 3260 860 3372 recipienda
880 3260 947 3344 illa
973 3257 1150 3348 effluviar
1186 3258 1248 3341 cui
1279 3257 1452 3358 accedit,
1480 3255 1591 3370 quod
1623 3255 1779 3342 validus¹

378 3369 570 3486 sanguiris
594 3400 724 3462 motus
758 3377 875 3462 talem
907 3367 1248 3462 transsudationen
1272 3376 1437 3458 multum
1466 3373 1647 3484 adiuvet:
1677 3371 1775 3458 fatu

376 3493 487 3580 enim
506 3491 682 3603 qualibet
703 3489 836 3577 cordis
861 3486 1026 3604 systole,
1060 3483 1207 3601 sanguis
1229 3501 1366 3604 magna
1384 3491 1427 3573 vi
1452 3518 1501 3576 ex
1529 3517 1580 3575 eo
1604 3492 1772 3598 ejectus,

374 3610 535 3706 arterias
547 3609 695 3719 impetu
708 3603 776 3694 suo
792 3607 953 3692 nimium
971 3605 1184 3704 infarciens,
1200 3634 1330 3716 earum
1343 3607 1489 3692 tunicas
1501 3605 1617 3714 valde
1631 3605 1773 3691 disten-

374 3720 464 3820 dit,
496 3750 579 3835 quo
598 3721 642 3806 lit
672 3746 716 3807 ut
736 3723 823 3836 pori
842 3725 1094 3836 amplientur,
1115 3749 1187 3806 ceu
1207 3723 1356 3834 optime
1375 3723 1528 3806 notavit
1549 3717 1770 3806 (ζητε-

372 3860 496 3928 atus
519 3843 560 3924 in
586 3833 656 3926 suo
688 3838 811 3924 Tua.
831 3845 875 3924 de
901 3839 1063 3925 Formae.
1081 3835 1228 3920 Fetus:
1262 3844 1301 3924 δι
1325 3860 1505 3950 praeterea
1530 3833 1664 3948 prellro
1686 3829 1775 3954 san-¹

371 3958 528 4067 guinis,
558 3983 645 4070 quae
671 3983 877 4043 momento
919 3950 1044 4070 pulfits
1072 3955 1113 4038 in
1145 3981 1281 4040 omnes
1319 3977 1444 4066 partes
1488 3950 1676 4035 interioris
1709 3942 1770 4035 su·

372 4071 549 4182 ’perficiei
569 4075 790 4158 arteriarum
806 4077 1008 4188 ,aequaliter
1039 4065 1076 4156 se
1100 4071 1246 4172 exerit,
1276 4068 1477 4182 particulas
1495 4069 1535 4149 in
1554 4094 1673 4180 poros
1691 4071 1770 4178 jam

374 4183 535 4276 iuturus
564 4193 684 4304 magis
705 4192 911 4306 propellit,
933 4191 993 4278 hae
1012 4217 1109 4278 veto
1140 4187 1317 4306 proxime
1346 4183 1607 4304 precedentes
1645 4190 1684 4272 dt
1713 4187 1768 4272 ita

368 4327 510 4416 1²⁰¹&-
1768 4383 1771 4400 ς

1038 4485 1133 4628 ,ΧΓ

386 4853 390 4860 .
425 4772 670 4867 Notandum
690 4776 844 4864 interim
864 4777 943 4878 est,
969 4801 1106 4884 omnes
1127 4795 1253 4886 partes
1277 4765 1450 4884 corporis
1472 4763 1657 4866 animalis,
1680 4729 1792 4884 quoe'·⁴

370 4886 503 4994 {solide
531 4897 652 5006 vulgo
670 4893 873 4994 dicuntur,
900 4891 1129 5004 compositas
1149 4887 1223 4980 else
1246 4917 1296 4984 ex
1319 4888 1528 4978 innumeris
1558 4885 1704 4974 fibrillis
1725 4889 1771 4998 &.

385 5094 396 5129 ,,
420 5009 535 5127 dmi·
567 5010 749 5120 Boamld
764 5008 893 5125 Opera
908 5020 1028 5102 omnia
1047 5000 1175 5104 Tom.
1203 5001 1255 5128 Ι.ι
1420 4999 1474 5096 N
1501 5029 1529 5094 n
1681 4997 1764 5092 fila·
