5500 6884
920 921 1000 1005 η,
1091 862 1885 975 ·n⁰.>onr1.nanrnanrrona
1910 874 2237 973 natarunt

918 1081 1026 1148 nota,
1050 1080 1113 1153 pro
1137 1050 1295 1126 omnibus
1318 1046 1519 1123 stolonibus
1544 1046 1693 1137 conicit,
1719 1070 1763 1120 ex
1782 1046 1902 1144 quibus
1923 1053 2060 1141 omnia,
2085 1080 2159 1149 quae
2184 1056 2224 1129 de
2252 1048 2314 1133 illie

918 1163 1080 1236 hedenus
1116 1156 1362 1235 innotuerunt,
1391 1146 1531 1221 faciliori
1564 1147 1688 1242 longe,
1720 1172 1821 1241 quam
1844 1146 1926 1223 solet
1948 1148 2044 1241 fieri,
2074 1156 2128 1227 via
2160 1156 2313 1233 derivan-

919 1277 987 1334 tur.
1011 1257 1102 1331 Coun
1122 1276 1203 1346 ergo
1230 1273 1302 1323 rem
1319 1264 1427 1321 totam
1453 1269 1529 1319 cum
1543 1246 1640 1343 Viro'
1656 1244 1826 1339 ingenioso
1847 1250 2158 1341 communicassem,
2184 1254 2314 1351 ipseque

920 1356 1085 1433 calculum
1109 1348 1172 1427 sibi
1199 1350 1326 1444 optime
1336 1345 1486 1420 constare
1512 1342 1756 1430 confirmasset,-
1780 1346 1937 1421 constitui
1959 1352 2082 1446 aliquid
2102 1351 2249 1448 proferre
2276 1357 2313 1429 in

918 1454 1119 1553 publicum,
1145 1444 1314 1543 ipsamque
1334 1470 1406 1519 rem
1419 1445 1557 1517 ulterius
1578 1442 1735 1539 persequi.
1760 1446 1846 1519 Non
1877 1448 1970 1523 licuit
1993 1469 2106 1523 tamen
2136 1454 2196 1526 hac
2218 1455 2252 1525 in
2278 1478 2314 1526 re

919 1552 1098 1651 procedere
1125 1548 1237 1635 ultra,
1264 1541 1326 1618 nisi
1361 1569 1483 1639 paucos
1513 1560 1592 1616 ante
1614 1541 1763 1632 menses,
1784 1546 1955 1641 repetique
1990 1551 2185 1623 methodum
2212 1551 2313 1647 ipsam

918 1653 1016 1747 plane
1042 1665 1190 1735 certam,
1218 1645 1445 1737 calculumque
1469 1640 1544 1716 satis
1568 1644 1722 1715 exactum
1745 1640 1815 1717 else.
1839 1647 2012 1734 Quoniam
2034 1674 2117 1723 vero
2143 1649 2217 1723 usus
2241 1648 2314 1723 sum

920 1752 1030 1844 aliqua
1074 1742 1318 1842 suppositione,
1351 1766 1453 1834 quarn
1484 1764 1601 1813 omnes
1632 1742 1799 1833 quidem,
1824 1744 1882 1836 qui
1912 1744 1949 1817 in
1988 1748 2113 1837 calculo
2139 1746 2313 1822 indefinite

918 1862 1104 1945 parvorum
1124 1838 1322 1928 versantur,
1344 1839 1525 1927 adhibent,
1553 1840 1588 1911 in
1610 1864 1756 1941 errorem
1785 1861 1898 1915 tamen
1919 1844 2077 1918 inducere
2099 1844 2185 1941 posse
2209 1873 2314 1940 quan·

919 1950 1030 2041 doque
1050 1945 1131 2017 mihi
1150 1940 1301 2027 constat,
1321 1940 1403 2011 dum
1422 1936 1504 2032 saepe
1529 1934 1657 2010 summa
1683 1940 1907 2031 quantitatum
1923 1940 2095 2017 indefinite
2111 1970 2315 2039 parvorum,

918 2072 995 2142 quae
1017 2044 1144 2137 semper
1164 2039 1310 2124 restant,
1338 2038 1558 2129 quantitatem
1581 2034 1713 2109 finitam
1738 2038 1933 2124 constituite
1959 2065 2030 2113 rem
2054 2044 2118 2115 alio
2143 2046 2237 2137 plane
2259 2070 2315 2137 ag-

918 2142 1040 2241 gressus
1065 2140 1138 2214 sum
1158 2138 1280 2225 modo,
1304 2135 1362 2229 qui
1390 2138 1519 2209 nullam
1546 2130 1805 2229 suppositionem
1830 2164 1903 2231 quae
1937 2136 2090 2235 scrupulo
2116 2144 2247 2215 cuidam
2275 2140 2315 2216 sit

917 2242 1091 2328 obnoxia,
1112 2238 1273 2332 requirit3
1298 2236 1432 2328 jamque
1452 2232 1556 2325 ipsum
1579 2234 1764 2320 calculum,
1786 2238 1842 2329 qui
1871 2262 2010 2331 magnus
2031 2236 2105 2311 satis
2123 2240 2190 2327 est,
2210 2239 2315 2313 absol·

917 2344 970 2415 vi..
1008 2344 1097 2415 Cum
1115 2362 1198 2413 veto
1218 2335 1375 2408 nondum
1398 2334 1477 2405 mihi
1498 2335 1538 2405 de
1558 2334 1628 2425 ejus
1658 2334 1881 2408 exactitudine
1909 2352 2000 2409 cetto
2021 2338 2171 2419 consteta
2192 2337 2315 2433 suppri-

916 2465 1009 2514 mam
1042 2437 1178 2510 interim
1208 2429 1422 2513 conclusum
1447 2431 1575 2524 eritque
1602 2432 1781 2519 mihiloc‚
1805 2437 2050 2529 quamprimum
2075 2436 2207 2510 dabitur
2228 2456 2312 2510 tem-

915 2564 979 2633 pus
1011 2534 1251 2620 commodum,
1279 2532 1386 2625 prima
1420 2554 1494 2602 mea
1527 2525 1821 2625 disquifiti0;.qua
1851 2532 1968 2621 finita,
1989 2536 2084 2629 plura
2114 2533 2317 2630 specimina,

916 2634 1082 2730 ipsamque
1105 2630 1218 2705 forsan
1243 2629 1439 2702 methodum
1455 2629 1735 2703 communicabo:
1752 2654 1854 2723 quam
1878 2656 1970 2704 nunc
1995 2634 2127 2727 quidem
2148 2634 2314 2709 confirmo

916 2752 1041 2807 certam
1061 2724 1123 2804 else
1144 2732 1178 2804 ἃ
1199 2726 1441 2814 universalem,
1466 2726 1508 2800 ad
1529 2746 1636 2821 partos
1661 2752 1801 2813 omnes,
1828 2754 1900 2801 non
1920 2728 2065 2823 ejusdem
2089 2757 2201 2808 curvae
2227 2735 2313 2807 dun·

915 2832 1033 2919 taxat,
1056 2826 1111 2904 sed
1131 2825 1325 2923 quammtiis
1347 2824 1550 2899 diversarum
1576 2850 1773 2913 curvatum,
1794 2824 1913 2900 inted'e
1930 2832 2187 2925 comparandam
2209 2850 2248 2905 nt
2269 2834 2317 2904 ita

914 2927 1083 3028 quidsieti
1107 2944 1263 3000 autnon
1288 2923 1362 2999 fieti
1384 2922 1503 3019 possit,
1525 2922 1718 2998 innotescat.
1746 2926 1898 3001 Tandem
1923 2930 2013 3019 quod
2033 2927 2154 3022 speetu
2175 2931 2218 3003 ad
2243 2932 2314 3004 Dn.

913 3026 995 3122 job„
1015 3029 1297 3099 Bennoum
1321 3024 1581 3118 pulcherrimum
1606 3028 1637 3095 dr
1661 3024 1805 3096 maxime
1825 3024 2245 3128 ingeniosuminventum,
2266 3029 2316 3101 di-

912 3121 1008 3200 versa
1021 3122 1189 3197 curvasad
1200 3146 1339 3196 curvam
1350 3121 1542 3193 circularem
1554 3121 1743 3202 reducendi
1757 3124 1837 3194 nihil
1849 3120 1895 3194 ell
1907 3124 1997 3217 quod
2007 3125 2036 3196 ei
2047 3126 2146 3199 velim
2158 3126 2313 3220 objicere.

914 3224 1078 3311 Interim,
1102 3218 1197 3293 facile
1219 3219 1301 3293 mihi
1329 3219 1393 3291 etit
1417 3218 1668 3306 demonstrare,
1694 3221 1782 3292 idem
1816 3220 1903 3315 posse
1937 3220 2076 3296 infinitis
2109 3226 2236 3311 modis,
2257 3248 2316 3319 pet

899 3346 1007 3397 emeat
1040 3343 1218 3393 curtatum
1249 3316 1460 3393 evolutiones
1508 3319 1621 3411 augeri
1651 3345 1661 3388 ε
1699 3338 1898 3413 apparetque
1931 3322 2009 3393 hinc
2046 3348 2146 3417 quarn
2173 3324 2316 3395 arduum

915 3418 959 3496 sit
978 3419 1180 3514 quandoque
1202 3418 1240 3489 in
1273 3416 1417 3488 aliorum
1444 3416 1586 3507 cogitata
1611 3436 1803 3510 penetrare,
1829 3444 1902 3513 quae
1927 3442 2040 3492 tamen
2066 3447 2085 3493 a
2109 3420 2315 3496 nostrisnon

916 3520 1001 3593 adeo
1026 3516 1093 3591 fint
1116 3532 1256 3589 remota
1284 3516 1440 3607 Cumque
1462 3514 1552 3599 Vir,
1578 3514 1672 3606 cujus
1692 3514 1864 3608 ingenium
1889 3514 2051 3613 singulare
2078 3514 2232 3613 prorsus,
2262 3545 2315 3594 ca-

915 3614 1190 3715 pacissnnumque
1217 3612 1300 3687 mihi
1324 3610 1400 3685 satis
1419 3628 1543 3685 notum
1569 3612 1636 3701 est,
1674 3615 1827 3706 quamvis
1854 3615 1896 3688 ad
1921 3614 2027 3711 ipsum
2056 3614 2213 3706 sontem,
2243 3624 2314 3693 Me-

918 3718 1205 3801 dicinammentis,
1229 3712 1372 3807 digitum
1395 3710 1620 3799 intenderim,
1645 3712 1715 3784 haec
1736 3710 1897 3786 nonsatis
1921 3714 2022 3789 suerit
2039 3714 2218 3799 assecutum
2245 3720 2314 3791 val·

916 3817 959 3890 de
983 3814 1102 3890 dubito
1114 3813 1217 3887 alium
1237 3812 1271 3884 id
1286 3834 1400 3884 eruere
1410 3807 1521 3980 sposse.
1547 3810 1612 3885 Ille-
1627 3834 1710 3885 veto
1737 3830 1776 3885 ut
1799 3812 1933 3901 videat,
1959 3838 2060 3908 quam
2095 3836 2228 3911 paratus
2253 3814 2313 3889 srm

916 3916 988 4009 ejus
1007 3912 1182 3987 excellenti
1197 3910 1334 4007 ingenio
1362 3908 1409 3983 ob
1423 3909 1522 4003 equi3
1547 3932 1619 3981 non
1637 3908 1762 4004 pigebit
1789 3934 2073 4002 commemorare,
2098 3916 2313 4008 quemadmo-

917 4014 1001 4085 dum
1022 4008 1121 4107 ipfius
1156 4008 1317 4085 methodo
1343 4032 1461 4083 omnes
1481 4030 1616 4097 curvae,
1641 4033 1716 4103 quae
1746 4032 1804 4104 pet
1828 4012 2069 4086 Evolutionem
2095 4021 2313 4109 Hugenianam

917 4106 1147 4183 describuntur
1159 4160 1173 4198 ,
1195 4110 1261 4183 hoc
1280 4104 1351 4196 est,
1376 4132 1451 4202 quae
1476 4106 1635 4193 unicum,
1660 4104 1841 4202 secundum
1862 4134 1941 4200 me,
1960 4109 2075 4185 sotum
2098 4114 2245 4201 habeut,
2271 4112 2315 4185 ad

917 4208 1110 4285 citculmm
1130 4209 1253 4281 lineam
1271 4204 1406 4303 possunt
1429 4206 1564 4287 reducit
1590 4206 1635 4279 ita
1660 4230 1732 4280 mea
1760 4208 1942 4299 methodo,
1968 4234 2108 4300 curvas,
2123 4238 2208 4305 *quae
2228 4212 2315 4286 duos

915 4306 1044 4384 babent
1064 4305 1157 4382 socos
1180 4308 1223 4379 ad
1258 4303 1409 4401 ellipsin,
1435 4304 1675 4475 hyperbolem,
1701 4322 1761 4379 aut
1797 4308 2011 4402 ¹parabolam
2043 4334 2181 4403 quaeque
2220 4330 2315 4399 tres,

915 4426 1075 4506 quatuor,
1097 4410 1158 4481 &c
1184 4402 1280 4480 socos
1309 4402 1455 4493 habent,
1494 4428 1606 4499 emper
1639 4405 1680 4477 ad
1717 4430 1835 4478 curvat
1862 4406 2074 4501 geometricae
2107 4408 2313 4505 superiorum

917 4510 1083 4605 graduum
1113 4504 1227 4581 reduci
1257 4502 1365 4600 posse:
1392 4504 1505 4596 quod,
1544 4522 1668 4595 quanta
1695 4501 1734 4577 stt
1766 4506 1968 4579 Geometriae
1997 4510 2189 4601 promotio,
2211 4533 2312 4581 nemo

917 4631 990 4680 non
1011 4608 1129 4689 videta
1150 4623 1190 4679 ut
1204 4605 1345 4700 proinde
1356 4604 1481 4675 mirum
1502 4599 1609 4690 soret,
1634 4628 1856 4697 quemquam,
1881 4606 1940 4699 qui
1961 4607 2013 4679 vel
2026 4606 2090 4680 hoc
2104 4632 2210 4681 unum
2228 4604 2312 4702 pets·

960 4708 1069 4796 xetit,
1090 4707 1264 4779 meliorem
1299 4700 1552 4797 descriptionem
1589 4700 1736 4777 absolute
1756 4705 1908 4777 omnium
1933 4729 2112 4779 curvatum
2146 4706 2310 4801 concepti·

916 4730 1038 4878 biliam
1061 4806 1115 4877 vel
1135 4801 1316 4878 desiderare
1342 4798 1431 4899 posse
1454 4802 1532 4889 illa,
1557 4826 1632 4897 qnae
1656 4802 1691 4874 in
1712 4802 1872 4877 Medicina
1896 4806 2003 4878 mentia
2019 4806 2169 4881 traditur.
2206 4800 2309 4893 Quod

917 4898 1097 4976 sinechoc
1117 4921 1264 4975 mentem
1285 4928 1395 4975 meam
1415 4900 1554 4975 sortasl'n
1590 4903 1753 4995 exprimat
1776 4898 1873 4989 satis,
1899 4903 2016 4977 lubens
2029 4922 2136 4978 totam
2160 4928 2310 4979 commu·

918 4998 1042 5081 citabo
1061 5000 1272 5079 Metbodum.
1298 5004 1466 5082 Caeterum
1479 4998 1650 5083 oocafione
1664 5000 1733 5097 ejus
1750 5002 1840 5098 quod
1851 5004 1922 5083 Dn.
1937 5002 2010 5099 lob.
2029 5007 2083 5082 Be
2094 5026 2118 5080 n
2130 5024 2254 5082 nour
2265 5022 2311 5077 cr

2221 5126 2313 5175 com-

2216 5261 2228 5300 l

2533 384 2551 564 l

2542 617 2553 816 l
