<?xml version="1.0" encoding="UTF-8"?>
<!DOCTYPE html PUBLIC "-//W3C//DTD XHTML 1.0 Transitional//EN"
    "http://www.w3.org/TR/xhtml1/DTD/xhtml1-transitional.dtd">
<html xmlns="http://www.w3.org/1999/xhtml" xml:lang="en" lang="en">
 <head>
  <title>
</title>
<meta http-equiv="Content-Type" content="text/html;charset=utf-8" />
  <meta name='ocr-system' content='tesseract 3.04.00' />
  <meta name='ocr-capabilities' content='ocr_page ocr_carea ocr_par ocr_line ocrx_word'/>
</head>
<body>
  <div class='ocr_page' id='page_1' title='image "./operaomnia00primgoog_0486.png"; bbox 0 0 5500 6884; ppageno 0'>
   <div class='ocr_carea' id='block_1_1' title="bbox 1042 351 1392 374">
    <p class='ocr_par' dir='ltr' id='par_1_1' title="bbox 1042 351 1392 374">
     <span class='ocr_line' id='line_1_1' title="bbox 1042 351 1392 374; baseline -0.011 -11"><span class='ocrx_word' id='word_1_1' title='bbox 1042 351 1392 374; x_wconf 51' lang='grc' dir='ltr'>..Ἠ-,Μν-</span> 
     </span>
    </p>
   </div>
   <div class='ocr_carea' id='block_1_2' title="bbox 1006 723 2313 870">
    <p class='ocr_par' dir='ltr' id='par_1_2' title="bbox 1006 723 2313 870">
     <span class='ocr_line' id='line_1_2' title="bbox 1006 723 2313 870; baseline -0.014 -26"><span class='ocrx_word' id='word_1_2' title='bbox 1006 765 1097 870; x_wconf 64' lang='lat' dir='ltr'>,n</span> <span class='ocrx_word' id='word_1_3' title='bbox 1157 743 1239 838; x_wconf 76' lang='lat' dir='ltr'>ie.</span> <span class='ocrx_word' id='word_1_4' title='bbox 1270 723 1470 832; x_wconf 78' lang='lat' dir='ltr'>ixxm.</span> <span class='ocrx_word' id='word_1_5' title='bbox 1520 723 1806 830; x_wconf 75' lang='lat' dir='ltr'>aroana</span> <span class='ocrx_word' id='word_1_6' title='bbox 1847 725 2313 862; x_wconf 73' lang='lat' dir='ltr'>arenarios.</span> 
     </span>
    </p>
   </div>
   <div class='ocr_carea' id='block_1_3' title="bbox 1008 897 2388 1015">
    <p class='ocr_par' dir='ltr' id='par_1_3' title="bbox 1008 897 2388 1015">
     <span class='ocr_line' id='line_1_3' title="bbox 1008 897 2388 1015; baseline -0.004 -15"><span class='ocrx_word' id='word_1_7' title='bbox 1008 909 1210 1000; x_wconf 80' lang='lat' dir='ltr'>&#39;Tbearema</span> <span class='ocrx_word' id='word_1_8' title='bbox 1236 915 1405 996; x_wconf 89' lang='lat' dir='ltr'>nostrum</span> <span class='ocrx_word' id='word_1_9' title='bbox 1427 904 1458 992; x_wconf 89' lang='grc' dir='ltr'>Ι.</span> <span class='ocrx_word' id='word_1_10' title='bbox 1482 902 1717 992; x_wconf 84' lang='lat' dir='ltr'>Differentia</span> <span class='ocrx_word' id='word_1_11' title='bbox 1735 929 1834 991; x_wconf 88' lang='lat' dir='ltr'>vero</span> <span class='ocrx_word' id='word_1_12' title='bbox 1854 927 2027 1015; x_wconf 86' lang='lat' dir='ltr'>aequatiir</span> <span class='ocrx_word' id='word_1_13' title='bbox 2050 905 2103 989; x_wconf 81' lang='lat' dir='ltr'>e&#39;x</span> <span class='ocrx_word' id='word_1_14' title='bbox 2124 897 2388 994; x_wconf 76' lang='lat' dir='ltr'>conllruslione</span> 
     </span>
    </p>
   </div>
   <div class='ocr_carea' id='block_1_4' title="bbox 1008 1019 2387 1256">
    <p class='ocr_par' dir='ltr' id='par_1_4' title="bbox 1008 1019 2387 1256">
     <span class='ocr_line' id='line_1_4' title="bbox 1008 1019 1809 1146; baseline -0.015 -30"><span class='ocrx_word' id='word_1_15' title='bbox 1008 1031 1081 1146; x_wconf 79' lang='lat' dir='ltr'>ipsi</span> <span class='ocrx_word' id='word_1_16' title='bbox 1116 1026 1264 1116; x_wconf 81' lang='grc' dir='ltr'>ΑΡΒ.</span> <span class='ocrx_word' id='word_1_17' title='bbox 1324 1023 1430 1140; x_wconf 83' lang='lat' dir='ltr'>Ergo</span> <span class='ocrx_word' id='word_1_18' title='bbox 1464 1031 1538 1108; x_wconf 89' lang='lat' dir='ltr'>&amp;c.</span> <span class='ocrx_word' id='word_1_19' title='bbox 1599 1021 1733 1134; x_wconf 68' lang='lat' dir='ltr'>QE.</span> <span class='ocrx_word' id='word_1_20' title='bbox 1764 1019 1809 1104; x_wconf 83' lang='lat' dir='ltr'>F.</span> 
     </span>
     <span class='ocr_line' id='line_1_5' title="bbox 1070 1133 2387 1256; baseline -0.011 -20"><span class='ocrx_word' id='word_1_21' title='bbox 1070 1145 1213 1246; x_wconf 90' lang='lat' dir='ltr'>Nota,</span> <span class='ocrx_word' id='word_1_22' title='bbox 1241 1145 1353 1256; x_wconf 92' lang='lat' dir='ltr'>quod</span> <span class='ocrx_word' id='word_1_23' title='bbox 1380 1171 1452 1254; x_wconf 88' lang='lat' dir='ltr'>pro</span> <span class='ocrx_word' id='word_1_24' title='bbox 1476 1135 1720 1250; x_wconf 86' lang='lat' dir='ltr'><strong>subreptione</strong></span> <span class='ocrx_word' id='word_1_25' title='bbox 1751 1133 1971 1221; x_wconf 84' lang='lat' dir='ltr'>inchoanda</span> <span class='ocrx_word' id='word_1_26' title='bbox 2002 1135 2167 1224; x_wconf 82' lang='lat' dir='ltr'>dixerim</span> <span class='ocrx_word' id='word_1_27' title='bbox 2189 1137 2387 1225; x_wconf 85' lang='lat' dir='ltr'>admoven-</span> 
     </span>
    </p>
   </div>
   <div class='ocr_carea' id='block_1_5' title="bbox 822 1247 2468 4762">
    <p class='ocr_par' dir='ltr' id='par_1_5' title="bbox 822 1247 2468 4762">
     <span class='ocr_line' id='line_1_6' title="bbox 1009 1247 2390 1357; baseline -0.009 -7"><span class='ocrx_word' id='word_1_28' title='bbox 1009 1266 1105 1350; x_wconf 91' lang='lat' dir='ltr'>dum</span> <span class='ocrx_word' id='word_1_29' title='bbox 1137 1264 1213 1348; x_wconf 81' lang='lat' dir='ltr'>effe</span> <span class='ocrx_word' id='word_1_30' title='bbox 1240 1257 1283 1346; x_wconf 82' lang='grc' dir='ltr'>Α</span> <span class='ocrx_word' id='word_1_31' title='bbox 1308 1261 1359 1346; x_wconf 86' lang='lat' dir='ltr'>ad</span> <span class='ocrx_word' id='word_1_32' title='bbox 1385 1257 1451 1357; x_wconf 87' lang='lat' dir='ltr'>R,</span> <span class='ocrx_word' id='word_1_33' title='bbox 1478 1257 1544 1342; x_wconf 86' lang='lat' dir='ltr'>vel</span> <span class='ocrx_word' id='word_1_34' title='bbox 1566 1253 1601 1340; x_wconf 93' lang='lat' dir='ltr'>B</span> <span class='ocrx_word' id='word_1_35' title='bbox 1630 1254 1681 1340; x_wconf 92' lang='lat' dir='ltr'>ad</span> <span class='ocrx_word' id='word_1_36' title='bbox 1707 1251 1763 1346; x_wconf 83' lang='lat' dir='ltr'>L;</span> <span class='ocrx_word' id='word_1_37' title='bbox 1796 1247 1900 1350; x_wconf 85' lang='lat' dir='ltr'>secus</span> <span class='ocrx_word' id='word_1_38' title='bbox 1925 1254 2029 1338; x_wconf 86' lang='lat' dir='ltr'>enirn</span> <span class='ocrx_word' id='word_1_39' title='bbox 2057 1249 2146 1341; x_wconf 87' lang='lat' dir='ltr'>siA</span> <span class='ocrx_word' id='word_1_40' title='bbox 2174 1255 2225 1338; x_wconf 88' lang='lat' dir='ltr'>ad</span> <span class='ocrx_word' id='word_1_41' title='bbox 2252 1252 2310 1351; x_wconf 97' lang='lat' dir='ltr'>L,</span> <span class='ocrx_word' id='word_1_42' title='bbox 2336 1260 2390 1338; x_wconf 83' lang='lat' dir='ltr'>vel</span> 
     </span>
     <span class='ocr_line' id='line_1_7' title="bbox 1010 1367 2387 1484; baseline -0.009 -16"><span class='ocrx_word' id='word_1_43' title='bbox 1010 1373 1047 1468; x_wconf 90' lang='lat' dir='ltr'>B</span> <span class='ocrx_word' id='word_1_44' title='bbox 1070 1379 1121 1466; x_wconf 87' lang='lat' dir='ltr'>ad</span> <span class='ocrx_word' id='word_1_45' title='bbox 1152 1377 1196 1468; x_wconf 85' lang='lat' dir='ltr'>R</span> <span class='ocrx_word' id='word_1_46' title='bbox 1227 1375 1529 1473; x_wconf 80' lang='lat' dir='ltr'>admoveretur,</span> <span class='ocrx_word' id='word_1_47' title='bbox 1559 1373 1727 1484; x_wconf 83' lang='lat' dir='ltr'>reptoria¹</span> <span class='ocrx_word' id='word_1_48' title='bbox 1754 1367 1929 1480; x_wconf 88' lang='lat' dir='ltr'>prodiret</span> <span class='ocrx_word' id='word_1_49' title='bbox 1954 1369 2094 1456; x_wconf 89' lang='lat' dir='ltr'>eadem</span> <span class='ocrx_word' id='word_1_50' title='bbox 2124 1401 2215 1454; x_wconf 84' lang='lat' dir='ltr'>cuin</span> <span class='ocrx_word' id='word_1_51' title='bbox 2241 1367 2286 1456; x_wconf 83' lang='lat' dir='ltr'><strong>A</strong></span> <span class='ocrx_word' id='word_1_52' title='bbox 2304 1367 2387 1456; x_wconf 91' lang='lat' dir='ltr'>PB.</span> 
     </span>
     <span class='ocr_line' id='line_1_8' title="bbox 1012 1485 2389 1608; baseline -0.009 -22"><span class='ocrx_word' id='word_1_53' title='bbox 1012 1498 1152 1586; x_wconf 82' lang='lat' dir='ltr'>Fateor</span> <span class='ocrx_word' id='word_1_54' title='bbox 1183 1494 1399 1608; x_wconf 86' lang='lat' dir='ltr'>equidem,</span> <span class='ocrx_word' id='word_1_55' title='bbox 1437 1494 1513 1574; x_wconf 89' lang='lat' dir='ltr'>hoc</span> <span class='ocrx_word' id='word_1_56' title='bbox 1543 1485 1869 1586; x_wconf 90' lang='lat' dir='ltr'>incommodum,</span> <span class='ocrx_word' id='word_1_57' title='bbox 1911 1489 2024 1569; x_wconf 87' lang='lat' dir='ltr'>certis</span> <span class='ocrx_word' id='word_1_58' title='bbox 2054 1487 2234 1588; x_wconf 80' lang='lat' dir='ltr'>casibus,</span> <span class='ocrx_word' id='word_1_59' title='bbox 2262 1488 2389 1576; x_wconf 85' lang='lat' dir='ltr'>etiamsi</span> 
     </span>
     <span class='ocr_line' id='line_1_9' title="bbox 1010 1601 2388 1719; baseline -0.011 -17"><span class='ocrx_word' id='word_1_60' title='bbox 1010 1611 1190 1702; x_wconf 82' lang='lat' dir='ltr'>adhibiti</span> <span class='ocrx_word' id='word_1_61' title='bbox 1215 1613 1281 1696; x_wconf 88' lang='lat' dir='ltr'>illa</span> <span class='ocrx_word' id='word_1_62' title='bbox 1312 1609 1494 1706; x_wconf 87' lang='lat' dir='ltr'>cautela,</span> <span class='ocrx_word' id='word_1_63' title='bbox 1523 1601 1628 1719; x_wconf 87' lang='lat' dir='ltr'>polle</span> <span class='ocrx_word' id='word_1_64' title='bbox 1661 1626 1892 1714; x_wconf 73' lang='lat' dir='ltr'>occurreret</span> <span class='ocrx_word' id='word_1_65' title='bbox 1931 1626 2023 1686; x_wconf 90' lang='lat' dir='ltr'>tunc</span> <span class='ocrx_word' id='word_1_66' title='bbox 2044 1631 2187 1716; x_wconf 88' lang='lat' dir='ltr'>nempe</span> <span class='ocrx_word' id='word_1_67' title='bbox 2210 1665 2222 1704; x_wconf 92' lang='lat'>,</span> <span class='ocrx_word' id='word_1_68' title='bbox 2247 1604 2388 1718; x_wconf 90' lang='lat' dir='ltr'>quando</span> 
     </span>
     <span class='ocr_line' id='line_1_10' title="bbox 1010 1711 2387 1834; baseline -0.008 -18"><span class='ocrx_word' id='word_1_69' title='bbox 1010 1759 1129 1816; x_wconf 85' lang='lat' dir='ltr'>curva</span> <span class='ocrx_word' id='word_1_70' title='bbox 1151 1731 1243 1814; x_wconf 90' lang='lat' dir='ltr'>data</span> <span class='ocrx_word' id='word_1_71' title='bbox 1264 1719 1308 1810; x_wconf 79' lang='grc' dir='ltr'>Α</span> <span class='ocrx_word' id='word_1_72' title='bbox 1323 1721 1403 1810; x_wconf 90' lang='lat' dir='ltr'>PB</span> <span class='ocrx_word' id='word_1_73' title='bbox 1427 1723 1521 1806; x_wconf 89' lang='lat' dir='ltr'>duas</span> <span class='ocrx_word' id='word_1_74' title='bbox 1545 1721 1664 1805; x_wconf 86' lang='lat' dir='ltr'>habet</span> <span class='ocrx_word' id='word_1_75' title='bbox 1681 1744 1806 1830; x_wconf 90' lang='lat' dir='ltr'>partes</span> <span class='ocrx_word' id='word_1_76' title='bbox 1828 1711 1859 1802; x_wconf 94' lang='lat' dir='ltr'>P</span> <span class='ocrx_word' id='word_1_77' title='bbox 1872 1713 1916 1803; x_wconf 83' lang='grc' dir='ltr'>Α</span> <span class='ocrx_word' id='word_1_78' title='bbox 1940 1722 1980 1802; x_wconf 74' lang='lat' dir='ltr'>Sc</span> <span class='ocrx_word' id='word_1_79' title='bbox 2003 1714 2080 1812; x_wconf 87' lang='lat' dir='ltr'>PB</span> <span class='ocrx_word' id='word_1_80' title='bbox 2103 1724 2204 1806; x_wconf 91' lang='lat' dir='ltr'>inter</span> <span class='ocrx_word' id='word_1_81' title='bbox 2221 1716 2260 1806; x_wconf 90' lang='lat' dir='ltr'>se</span> <span class='ocrx_word' id='word_1_82' title='bbox 2279 1749 2387 1834; x_wconf 81' lang='lat' dir='ltr'>tequi-</span> 
     </span>
     <span class='ocr_line' id='line_1_11' title="bbox 1013 1835 2468 1949; baseline -0.009 -16"><span class='ocrx_word' id='word_1_83' title='bbox 1013 1851 1070 1934; x_wconf 89' lang='lat' dir='ltr'>les</span> <span class='ocrx_word' id='word_1_84' title='bbox 1096 1853 1136 1930; x_wconf 89' lang='lat'>&amp;</span> <span class='ocrx_word' id='word_1_85' title='bbox 1152 1845 1314 1928; x_wconf 86' lang='lat' dir='ltr'>similes.</span> <span class='ocrx_word' id='word_1_86' title='bbox 1375 1836 1474 1924; x_wconf 92' lang='lat' dir='ltr'>Hoc</span> <span class='ocrx_word' id='word_1_87' title='bbox 1497 1867 1592 1922; x_wconf 89' lang='lat' dir='ltr'>vero</span> <span class='ocrx_word' id='word_1_88' title='bbox 1618 1837 1895 1920; x_wconf 87' lang='lat' dir='ltr'>inconveniens</span> <span class='ocrx_word' id='word_1_89' title='bbox 1918 1837 2046 1919; x_wconf 89' lang='lat' dir='ltr'>multis</span> <span class='ocrx_word' id='word_1_90' title='bbox 2073 1835 2201 1922; x_wconf 89' lang='lat' dir='ltr'>modis</span> <span class='ocrx_word' id='word_1_91' title='bbox 2224 1838 2310 1922; x_wconf 93' lang='lat' dir='ltr'>tolli</span> <span class='ocrx_word' id='word_1_92' title='bbox 2329 1867 2388 1949; x_wconf 82' lang='lat' dir='ltr'>po</span> <span class='ocrx_word' id='word_1_93' title='bbox 2467 1856 2468 1859; x_wconf 68' lang='lat'>‘</span> 
     </span>
     <span class='ocr_line' id='line_1_12' title="bbox 1013 1950 2468 2065; baseline -0.008 -17"><span class='ocrx_word' id='word_1_94' title='bbox 1013 1966 1084 2048; x_wconf 86' lang='lat' dir='ltr'>test</span> <span class='ocrx_word' id='word_1_95' title='bbox 1096 1996 1107 2054; x_wconf 73' lang='grc' dir='ltr'><strong>ς</strong></span> <span class='ocrx_word' id='word_1_96' title='bbox 1131 1956 1403 2054; x_wconf 89' lang='lat' dir='ltr'>construendo,</span> <span class='ocrx_word' id='word_1_97' title='bbox 1415 1956 1582 2064; x_wconf 86' lang='lat' dir='ltr'>exempli</span> <span class='ocrx_word' id='word_1_98' title='bbox 1601 1956 1734 2065; x_wconf 83' lang='lat' dir='ltr'>gratia,</span> <span class='ocrx_word' id='word_1_99' title='bbox 1755 1950 1924 2035; x_wconf 85' lang='lat' dir='ltr'>dimidiae</span> <span class='ocrx_word' id='word_1_100' title='bbox 1943 1977 2092 2037; x_wconf 87' lang='lat' dir='ltr'>tanturn</span> <span class='ocrx_word' id='word_1_101' title='bbox 2114 1951 2159 2038; x_wconf 88' lang='lat' dir='ltr'>A</span> <span class='ocrx_word' id='word_1_102' title='bbox 2173 1951 2228 2053; x_wconf 93' lang='lat' dir='ltr'>P,</span> <span class='ocrx_word' id='word_1_103' title='bbox 2253 1979 2389 2039; x_wconf 82' lang='lat' dir='ltr'>curvant</span> <span class='ocrx_word' id='word_1_104' title='bbox 2467 1972 2468 1993; x_wconf 59' lang='lat'>¹</span> 
     </span>
     <span class='ocr_line' id='line_1_13' title="bbox 1013 2067 2468 2182; baseline -0.005 -18"><span class='ocrx_word' id='word_1_105' title='bbox 1013 2073 1172 2164; x_wconf 87' lang='lat' dir='ltr'>fimilem</span> <span class='ocrx_word' id='word_1_106' title='bbox 1200 2079 1238 2159; x_wconf 92' lang='lat' dir='ltr'>in</span> <span class='ocrx_word' id='word_1_107' title='bbox 1268 2077 1420 2158; x_wconf 87' lang='lat' dir='ltr'>ratione</span> <span class='ocrx_word' id='word_1_108' title='bbox 1448 2073 1587 2180; x_wconf 77' lang='lat' dir='ltr'>triplai</span> <span class='ocrx_word' id='word_1_109' title='bbox 1621 2068 1663 2151; x_wconf 93' lang='lat' dir='ltr'>id</span> <span class='ocrx_word' id='word_1_110' title='bbox 1692 2072 1775 2168; x_wconf 90' lang='lat' dir='ltr'>est,</span> <span class='ocrx_word' id='word_1_111' title='bbox 1817 2091 1861 2150; x_wconf 92' lang='lat' dir='ltr'>ut</span> <span class='ocrx_word' id='word_1_112' title='bbox 1895 2069 2043 2182; x_wconf 88' lang='lat' dir='ltr'>ubique</span> <span class='ocrx_word' id='word_1_113' title='bbox 2073 2067 2169 2158; x_wconf 93' lang='lat' dir='ltr'>OL</span> <span class='ocrx_word' id='word_1_114' title='bbox 2199 2071 2252 2156; x_wconf 88' lang='lat' dir='ltr'>ad</span> <span class='ocrx_word' id='word_1_115' title='bbox 2279 2068 2388 2168; x_wconf 82' lang='lat' dir='ltr'>OA,</span> <span class='ocrx_word' id='word_1_116' title='bbox 2467 2106 2468 2117; x_wconf 46' lang='lat'>¹</span> 
     </span>
     <span class='ocr_line' id='line_1_14' title="bbox 887 2179 2391 2298; baseline -0.006 -15"><span class='ocrx_word' id='word_1_117' title='bbox 887 2195 893 2200; x_wconf 76' lang='grc'>’</span> <span class='ocrx_word' id='word_1_118' title='bbox 1009 2191 1129 2282; x_wconf 89' lang='grc' dir='ltr'>ΟΜ</span> <span class='ocrx_word' id='word_1_119' title='bbox 1158 2193 1209 2280; x_wconf 88' lang='lat' dir='ltr'>ad</span> <span class='ocrx_word' id='word_1_120' title='bbox 1234 2186 1353 2287; x_wconf 92' lang='lat' dir='ltr'>OP,</span> <span class='ocrx_word' id='word_1_121' title='bbox 1385 2184 1421 2274; x_wconf 89' lang='lat' dir='ltr'>se</span> <span class='ocrx_word' id='word_1_122' title='bbox 1439 2189 1629 2298; x_wconf 83' lang='lat' dir='ltr'>habeant,</span> <span class='ocrx_word' id='word_1_123' title='bbox 1656 2209 1698 2268; x_wconf 94' lang='lat' dir='ltr'>ut</span> <span class='ocrx_word' id='word_1_124' title='bbox 1721 2217 1739 2292; x_wconf 85' lang='lat'>3</span> <span class='ocrx_word' id='word_1_125' title='bbox 1773 2185 1885 2271; x_wconf 88' lang='lat' dir='ltr'>adi.</span> <span class='ocrx_word' id='word_1_126' title='bbox 1945 2179 2008 2272; x_wconf 86' lang='lat' dir='ltr'>Sic</span> <span class='ocrx_word' id='word_1_127' title='bbox 2030 2191 2158 2288; x_wconf 89' lang='lat' dir='ltr'>enim,</span> <span class='ocrx_word' id='word_1_128' title='bbox 2181 2183 2391 2274; x_wconf 80' lang='lat' dir='ltr'>admotoA</span> 
     </span>
     <span class='ocr_line' id='line_1_15' title="bbox 1006 2285 2389 2416; baseline -0.01 -16"><span class='ocrx_word' id='word_1_129' title='bbox 1006 2312 1063 2400; x_wconf 80' lang='lat' dir='ltr'>-ad</span> <span class='ocrx_word' id='word_1_130' title='bbox 1086 2305 1166 2410; x_wconf 90' lang='lat' dir='ltr'>M,</span> <span class='ocrx_word' id='word_1_131' title='bbox 1194 2303 1322 2393; x_wconf 88' lang='lat' dir='ltr'>velP</span> <span class='ocrx_word' id='word_1_132' title='bbox 1348 2305 1400 2390; x_wconf 94' lang='lat' dir='ltr'>ad</span> <span class='ocrx_word' id='word_1_133' title='bbox 1425 2301 1459 2388; x_wconf 89' lang='lat' dir='ltr'>L</span> <span class='ocrx_word' id='word_1_134' title='bbox 1479 2338 1490 2393; x_wconf 88' lang='lat'>;</span> <span class='ocrx_word' id='word_1_135' title='bbox 1526 2301 1552 2385; x_wconf 93' lang='lat' dir='ltr'>si</span> <span class='ocrx_word' id='word_1_136' title='bbox 1573 2289 1661 2386; x_wconf 79' lang='grc' dir='ltr'>ᾹΡ</span> <span class='ocrx_word' id='word_1_137' title='bbox 1689 2297 1912 2412; x_wconf 85' lang='lat' dir='ltr'>subrepserit</span> <span class='ocrx_word' id='word_1_138' title='bbox 1932 2285 2061 2404; x_wconf 84' lang='lat' dir='ltr'>ML,</span> <span class='ocrx_word' id='word_1_139' title='bbox 2085 2305 2249 2390; x_wconf 83' lang='lat' dir='ltr'>habebit</span> <span class='ocrx_word' id='word_1_140' title='bbox 2276 2330 2389 2416; x_wconf 87' lang='lat' dir='ltr'>repro·</span> 
     </span>
     <span class='ocr_line' id='line_1_16' title="bbox 1007 2409 2389 2535; baseline -0.006 -23"><span class='ocrx_word' id='word_1_141' title='bbox 1007 2432 1107 2512; x_wconf 78' lang='lat' dir='ltr'>&#39;riam</span> <span class='ocrx_word' id='word_1_142' title='bbox 1131 2426 1343 2509; x_wconf 79' lang='lat' dir='ltr'>dissimilem</span> <span class='ocrx_word' id='word_1_143' title='bbox 1382 2429 1423 2503; x_wconf 80' lang='lat' dir='ltr'>dc</span> <span class='ocrx_word' id='word_1_144' title='bbox 1459 2419 1616 2530; x_wconf 89' lang='lat' dir='ltr'>duplam</span> <span class='ocrx_word' id='word_1_145' title='bbox 1642 2417 1753 2534; x_wconf 90' lang='lat' dir='ltr'>ipsius</span> <span class='ocrx_word' id='word_1_146' title='bbox 1787 2414 1903 2516; x_wconf 87' lang='lat' dir='ltr'>AP,</span> <span class='ocrx_word' id='word_1_147' title='bbox 1936 2420 2119 2535; x_wconf 89' lang='lat' dir='ltr'>adeoque</span> <span class='ocrx_word' id='word_1_148' title='bbox 2148 2425 2225 2506; x_wconf 89' lang='lat' dir='ltr'>toti</span> <span class='ocrx_word' id='word_1_149' title='bbox 2253 2409 2389 2507; x_wconf 81' lang='grc' dir='ltr'>ᾹΡΒ</span> 
     </span>
     <span class='ocr_line' id='line_1_17' title="bbox 1008 2532 2389 2655; baseline -0.007 -28"><span class='ocrx_word' id='word_1_150' title='bbox 1008 2544 1212 2655; x_wconf 74' lang='lat' dir='ltr'>aequalem.</span> <span class='ocrx_word' id='word_1_151' title='bbox 1254 2532 1451 2622; x_wconf 79' lang='lat' dir='ltr'>Caeterum</span> <span class='ocrx_word' id='word_1_152' title='bbox 1477 2537 1727 2647; x_wconf 86' lang='lat' dir='ltr'>praerogativa</span> <span class='ocrx_word' id='word_1_153' title='bbox 1746 2537 1875 2647; x_wconf 89' lang='lat' dir='ltr'>aliqua</span> <span class='ocrx_word' id='word_1_154' title='bbox 1899 2538 2042 2648; x_wconf 81' lang='lat' dir='ltr'>gaudet</span> <span class='ocrx_word' id='word_1_155' title='bbox 2064 2541 2144 2622; x_wconf 84' lang='lat' dir='ltr'>liaec</span> <span class='ocrx_word' id='word_1_156' title='bbox 2164 2538 2389 2624; x_wconf 89' lang='lat' dir='ltr'>construendi</span> 
     </span>
     <span class='ocr_line' id='line_1_18' title="bbox 1010 2649 2388 2768; baseline -0.001 -27"><span class='ocrx_word' id='word_1_157' title='bbox 1010 2658 1222 2744; x_wconf 87' lang='lat' dir='ltr'>methodus</span> <span class='ocrx_word' id='word_1_158' title='bbox 1244 2651 1353 2768; x_wconf 90' lang='lat' dir='ltr'>super</span> <span class='ocrx_word' id='word_1_159' title='bbox 1379 2651 1691 2767; x_wconf 72' lang='lat' dir='ltr'>praecedentemi</span> <span class='ocrx_word' id='word_1_160' title='bbox 1726 2651 1818 2735; x_wconf 86' lang='lat' dir='ltr'>dum</span> <span class='ocrx_word' id='word_1_161' title='bbox 1847 2674 1929 2738; x_wconf 88' lang='lat' dir='ltr'>non</span> <span class='ocrx_word' id='word_1_162' title='bbox 1959 2655 2108 2768; x_wconf 83' lang='lat' dir='ltr'>indiget</span> <span class='ocrx_word' id='word_1_163' title='bbox 2138 2649 2315 2762; x_wconf 69' lang='lat' dir='ltr'>Postumo</span> <span class='ocrx_word' id='word_1_164' title='bbox 2338 2655 2388 2739; x_wconf 87' lang='lat' dir='ltr'>ll.</span> 
     </span>
     <span class='ocr_line' id='line_1_19' title="bbox 1012 2769 2389 2887; baseline -0.002 -30"><span class='ocrx_word' id='word_1_165' title='bbox 1012 2769 1130 2858; x_wconf 73' lang='lat' dir='ltr'>sessio</span> <span class='ocrx_word' id='word_1_166' title='bbox 1155 2774 1258 2860; x_wconf 87' lang='lat' dir='ltr'>enirn</span> <span class='ocrx_word' id='word_1_167' title='bbox 1273 2799 1472 2854; x_wconf 83' lang='lat' dir='ltr'>curvarum</span> <span class='ocrx_word' id='word_1_168' title='bbox 1493 2771 1531 2850; x_wconf 91' lang='lat' dir='ltr'>in</span> <span class='ocrx_word' id='word_1_169' title='bbox 1552 2795 1678 2878; x_wconf 80' lang='lat' dir='ltr'>partes</span> <span class='ocrx_word' id='word_1_170' title='bbox 1697 2795 1805 2882; x_wconf 86' lang='lat' dir='ltr'>aeque</span> <span class='ocrx_word' id='word_1_171' title='bbox 1830 2771 1975 2880; x_wconf 89' lang='lat' dir='ltr'>amplas</span> <span class='ocrx_word' id='word_1_172' title='bbox 1997 2774 2211 2858; x_wconf 88' lang='lat' dir='ltr'>molestiam</span> <span class='ocrx_word' id='word_1_173' title='bbox 2230 2773 2389 2887; x_wconf 85' lang='lat' dir='ltr'>quando</span> 
     </span>
     <span class='ocr_line' id='line_1_20' title="bbox 1010 2881 2388 3003; baseline -0.006 -27"><span class='ocrx_word' id='word_1_174' title='bbox 1010 2895 1149 3003; x_wconf 90' lang='lat' dir='ltr'>quein</span> <span class='ocrx_word' id='word_1_175' title='bbox 1177 2893 1283 3002; x_wconf 86' lang='lat' dir='ltr'>praxi</span> <span class='ocrx_word' id='word_1_176' title='bbox 1304 2915 1431 2972; x_wconf 84' lang='lat' dir='ltr'>creare</span> <span class='ocrx_word' id='word_1_177' title='bbox 1458 2881 1606 2997; x_wconf 76' lang='lat' dir='ltr'>possets</span> <span class='ocrx_word' id='word_1_178' title='bbox 1640 2912 1724 2997; x_wconf 83' lang='lat' dir='ltr'>quae</span> <span class='ocrx_word' id='word_1_179' title='bbox 1750 2911 1879 2970; x_wconf 85' lang='lat' dir='ltr'>autern</span> <span class='ocrx_word' id='word_1_180' title='bbox 1905 2890 1968 2969; x_wconf 88' lang='lat' dir='ltr'>bic</span> <span class='ocrx_word' id='word_1_181' title='bbox 1992 2889 2202 2975; x_wconf 89' lang='lat' dir='ltr'>commode</span> <span class='ocrx_word' id='word_1_182' title='bbox 2227 2894 2388 2976; x_wconf 83' lang='lat' dir='ltr'>evitatur.</span> 
     </span>
     <span class='ocr_line' id='line_1_21' title="bbox 1007 3000 2388 3118; baseline -0.006 -24"><span class='ocrx_word' id='word_1_183' title='bbox 1007 3005 1220 3094; x_wconf 88' lang='lat' dir='ltr'>Sciendum</span> <span class='ocrx_word' id='word_1_184' title='bbox 1246 3008 1399 3090; x_wconf 86' lang='lat' dir='ltr'>interim</span> <span class='ocrx_word' id='word_1_185' title='bbox 1427 3004 1505 3086; x_wconf 92' lang='lat' dir='ltr'>boc</span> <span class='ocrx_word' id='word_1_186' title='bbox 1534 3000 1762 3101; x_wconf 86' lang='lat' dir='ltr'>artificium,</span> <span class='ocrx_word' id='word_1_187' title='bbox 1786 3005 1896 3115; x_wconf 92' lang='lat' dir='ltr'>quod</span> <span class='ocrx_word' id='word_1_188' title='bbox 1918 3001 2053 3100; x_wconf 87' lang='lat' dir='ltr'>nititur</span> <span class='ocrx_word' id='word_1_189' title='bbox 2075 3009 2214 3118; x_wconf 85' lang='lat' dir='ltr'>praevia</span> <span class='ocrx_word' id='word_1_190' title='bbox 2236 3009 2388 3093; x_wconf 87' lang='lat' dir='ltr'>constru-</span> 
     </span>
     <span class='ocr_line' id='line_1_22' title="bbox 1011 3118 2389 3236; baseline -0.001 -28"><span class='ocrx_word' id='word_1_191' title='bbox 1011 3127 1138 3210; x_wconf 75' lang='lat' dir='ltr'>itione</span> <span class='ocrx_word' id='word_1_192' title='bbox 1164 3119 1286 3208; x_wconf 77' lang='lat' dir='ltr'>¹curvae</span> <span class='ocrx_word' id='word_1_193' title='bbox 1307 3121 1456 3219; x_wconf 90' lang='lat' dir='ltr'>similis,</span> <span class='ocrx_word' id='word_1_194' title='bbox 1484 3118 1779 3204; x_wconf 78' lang='lat' dir='ltr'>adhibendam</span> <span class='ocrx_word' id='word_1_195' title='bbox 1803 3143 1962 3206; x_wconf 83' lang='lat' dir='ltr'>curvam</span> <span class='ocrx_word' id='word_1_196' title='bbox 1988 3121 2201 3209; x_wconf 81' lang='lat' dir='ltr'>dissimilem</span> <span class='ocrx_word' id='word_1_197' title='bbox 2221 3131 2264 3208; x_wconf 80' lang='lat' dir='ltr'>dc</span> <span class='ocrx_word' id='word_1_198' title='bbox 2281 3151 2389 3236; x_wconf 89' lang='lat' dir='ltr'>aequa·</span> 
     </span>
     <span class='ocr_line' id='line_1_23' title="bbox 1010 3234 2468 3352; baseline -0.002 -30"><span class='ocrx_word' id='word_1_199' title='bbox 1010 3241 1088 3324; x_wconf 87' lang='lat' dir='ltr'>lein</span> <span class='ocrx_word' id='word_1_200' title='bbox 1114 3239 1338 3352; x_wconf 86' lang='lat' dir='ltr'>propositae,</span> <span class='ocrx_word' id='word_1_201' title='bbox 1367 3234 1472 3350; x_wconf 87' lang='lat' dir='ltr'>posse</span> <span class='ocrx_word' id='word_1_202' title='bbox 1494 3237 1613 3322; x_wconf 84' lang='lat' dir='ltr'>etiam</span> <span class='ocrx_word' id='word_1_203' title='bbox 1632 3239 1671 3320; x_wconf 95' lang='lat' dir='ltr'>in</span> <span class='ocrx_word' id='word_1_204' title='bbox 1697 3261 1808 3320; x_wconf 90' lang='lat' dir='ltr'>motu</span> <span class='ocrx_word' id='word_1_205' title='bbox 1831 3238 2072 3349; x_wconf 89' lang='lat' dir='ltr'>obreptionis</span> <span class='ocrx_word' id='word_1_206' title='bbox 2093 3244 2224 3324; x_wconf 89' lang='lat' dir='ltr'>locuni</span> <span class='ocrx_word' id='word_1_207' title='bbox 2247 3242 2385 3326; x_wconf 86' lang='lat' dir='ltr'>habere.</span> <span class='ocrx_word' id='word_1_208' title='bbox 2467 3254 2468 3313; x_wconf 66' lang='grc' dir='ltr'>ὲ</span> 
     </span>
     <span class='ocr_line' id='line_1_24' title="bbox 1006 3347 2385 3451; baseline -0.001 -11"><span class='ocrx_word' id='word_1_209' title='bbox 1006 3351 1166 3440; x_wconf 85' lang='lat' dir='ltr'>Etenim</span> <span class='ocrx_word' id='word_1_210' title='bbox 1185 3415 1198 3450; x_wconf 95' lang='lat'>,</span> <span class='ocrx_word' id='word_1_211' title='bbox 1229 3355 1255 3436; x_wconf 87' lang='lat' dir='ltr'>si</span> <span class='ocrx_word' id='word_1_212' title='bbox 1287 3357 1523 3439; x_wconf 88' lang='lat' dir='ltr'>construatur</span> <span class='ocrx_word' id='word_1_213' title='bbox 1552 3377 1670 3437; x_wconf 85' lang='lat' dir='ltr'>curva</span> <span class='ocrx_word' id='word_1_214' title='bbox 1706 3349 1806 3438; x_wconf 88' lang='lat' dir='ltr'>LM</span> <span class='ocrx_word' id='word_1_215' title='bbox 1827 3350 1930 3442; x_wconf 87' lang='lat' dir='ltr'>NR</span> <span class='ocrx_word' id='word_1_216' title='bbox 1956 3353 2054 3440; x_wconf 86' lang='lat' dir='ltr'>datae</span> <span class='ocrx_word' id='word_1_217' title='bbox 2080 3347 2125 3442; x_wconf 81' lang='grc' dir='ltr'><strong>Ᾱ</strong></span> <span class='ocrx_word' id='word_1_218' title='bbox 2141 3353 2223 3445; x_wconf 88' lang='grc' dir='ltr'>ΡΒ</span> <span class='ocrx_word' id='word_1_219' title='bbox 2248 3358 2385 3451; x_wconf 82' lang='lat' dir='ltr'>similis,</span> 
     </span>
     <span class='ocr_line' id='line_1_25' title="bbox 1006 3465 2468 3580; baseline 0.003 -29"><span class='ocrx_word' id='word_1_220' title='bbox 1006 3465 1075 3554; x_wconf 81' lang='lat' dir='ltr'>‘sed</span> <span class='ocrx_word' id='word_1_221' title='bbox 1102 3467 1248 3554; x_wconf 83' lang='lat' dir='ltr'>semissis</span> <span class='ocrx_word' id='word_1_222' title='bbox 1273 3495 1421 3553; x_wconf 88' lang='lat' dir='ltr'>tantum</span> <span class='ocrx_word' id='word_1_223' title='bbox 1442 3469 1719 3579; x_wconf 85' lang='lat' dir='ltr'>longitudinis;</span> <span class='ocrx_word' id='word_1_224' title='bbox 1752 3472 1862 3580; x_wconf 87' lang='lat' dir='ltr'>quod</span> <span class='ocrx_word' id='word_1_225' title='bbox 1884 3470 1950 3568; x_wconf 85' lang='lat' dir='ltr'>fit,</span> <span class='ocrx_word' id='word_1_226' title='bbox 1975 3467 2183 3558; x_wconf 86' lang='lat' dir='ltr'>bisecando</span> <span class='ocrx_word' id='word_1_227' title='bbox 2212 3480 2328 3560; x_wconf 77' lang='lat' dir='ltr'>iceras</span> <span class='ocrx_word' id='word_1_228' title='bbox 2348 3499 2385 3556; x_wconf 79' lang='lat' dir='ltr'>ex</span> <span class='ocrx_word' id='word_1_229' title='bbox 2467 3536 2468 3539; x_wconf 19' lang='lat' dir='ltr'>a</span> 
     </span>
     <span class='ocr_line' id='line_1_26' title="bbox 1038 3577 2384 3702; baseline 0.001 -32"><span class='ocrx_word' id='word_1_230' title='bbox 1038 3589 1107 3671; x_wconf 94' lang='lat' dir='ltr'>olo</span> <span class='ocrx_word' id='word_1_231' title='bbox 1141 3583 1188 3670; x_wconf 95' lang='lat' dir='ltr'>O</span> <span class='ocrx_word' id='word_1_232' title='bbox 1224 3587 1376 3671; x_wconf 76' lang='lat' dir='ltr'>eductas</span> <span class='ocrx_word' id='word_1_233' title='bbox 1412 3577 1879 3686; x_wconf 80' lang='lat' dir='ltr'>OA,01‘‚OC,</span> <span class='ocrx_word' id='word_1_234' title='bbox 1918 3580 2384 3702; x_wconf 77' lang='lat' dir='ltr'>OBsobreparpollei</span> 
     </span>
     <span class='ocr_line' id='line_1_27' title="bbox 1005 3616 2385 3817; baseline 0 -29"><span class='ocrx_word' id='word_1_235' title='bbox 1005 3616 1043 3788; x_wconf 73' lang='lat' dir='ltr'>L</span> <span class='ocrx_word' id='word_1_236' title='bbox 1060 3697 1114 3790; x_wconf 91' lang='lat' dir='ltr'>M</span> <span class='ocrx_word' id='word_1_237' title='bbox 1138 3699 1244 3817; x_wconf 84' lang='lat' dir='ltr'>NR</span> <span class='ocrx_word' id='word_1_238' title='bbox 1273 3697 1309 3788; x_wconf 88' lang='lat' dir='ltr'>se</span> <span class='ocrx_word' id='word_1_239' title='bbox 1335 3698 1455 3815; x_wconf 89' lang='lat' dir='ltr'>ipsam</span> <span class='ocrx_word' id='word_1_240' title='bbox 1471 3696 1621 3788; x_wconf 90' lang='lat' dir='ltr'>inverso</span> <span class='ocrx_word' id='word_1_241' title='bbox 1643 3702 1802 3805; x_wconf 86' lang='lat' dir='ltr'>ordine,</span> <span class='ocrx_word' id='word_1_242' title='bbox 1829 3706 1907 3788; x_wconf 82' lang='lat' dir='ltr'>hoc</span> <span class='ocrx_word' id='word_1_243' title='bbox 1936 3707 1991 3790; x_wconf 88' lang='lat' dir='ltr'>est</span> <span class='ocrx_word' id='word_1_244' title='bbox 2013 3726 2133 3792; x_wconf 83' lang='lat' dir='ltr'>curva</span> <span class='ocrx_word' id='word_1_245' title='bbox 2164 3702 2198 3792; x_wconf 92' lang='lat' dir='ltr'>L</span> <span class='ocrx_word' id='word_1_246' title='bbox 2215 3702 2272 3793; x_wconf 91' lang='lat' dir='ltr'>M</span> <span class='ocrx_word' id='word_1_247' title='bbox 2292 3701 2385 3794; x_wconf 89' lang='lat' dir='ltr'>NR</span> 
     </span>
     <span class='ocr_line' id='line_1_28' title="bbox 822 3815 2383 3934; baseline 0.001 -31"><span class='ocrx_word' id='word_1_248' title='bbox 822 3857 837 3914; x_wconf 81' lang='grc'>,·</span> <span class='ocrx_word' id='word_1_249' title='bbox 1003 3821 1068 3904; x_wconf 87' lang='lat' dir='ltr'>bis</span> <span class='ocrx_word' id='word_1_250' title='bbox 1086 3815 1342 3921; x_wconf 79' lang='lat' dir='ltr'>describatur,</span> <span class='ocrx_word' id='word_1_251' title='bbox 1368 3845 1487 3934; x_wconf 91' lang='lat' dir='ltr'>atque</span> <span class='ocrx_word' id='word_1_252' title='bbox 1515 3847 1591 3905; x_wconf 86' lang='lat' dir='ltr'>una</span> <span class='ocrx_word' id='word_1_253' title='bbox 1609 3819 1775 3930; x_wconf 86' lang='lat' dir='ltr'>obrepat</span> <span class='ocrx_word' id='word_1_254' title='bbox 1798 3822 1987 3920; x_wconf 85' lang='lat' dir='ltr'>alteram,</span> <span class='ocrx_word' id='word_1_255' title='bbox 2017 3820 2131 3906; x_wconf 70' lang='lat' dir='ltr'>fasso.</span> <span class='ocrx_word' id='word_1_256' title='bbox 2145 3816 2291 3920; x_wconf 84' lang='lat' dir='ltr'>scilicet</span> <span class='ocrx_word' id='word_1_257' title='bbox 2307 3851 2383 3932; x_wconf 84' lang='lat' dir='ltr'>rep</span> 
     </span>
     <span class='ocr_line' id='line_1_29' title="bbox 1007 3932 2385 4048; baseline 0.001 -30"><span class='ocrx_word' id='word_1_258' title='bbox 1007 3939 1125 4020; x_wconf 87' lang='lat' dir='ltr'>tionis</span> <span class='ocrx_word' id='word_1_259' title='bbox 1148 3940 1259 4023; x_wconf 91' lang='lat' dir='ltr'>initio</span> <span class='ocrx_word' id='word_1_260' title='bbox 1286 3937 1336 4023; x_wconf 92' lang='lat' dir='ltr'>ab</span> <span class='ocrx_word' id='word_1_261' title='bbox 1361 3943 1476 4022; x_wconf 82' lang='lat' dir='ltr'>¹unius</span> <span class='ocrx_word' id='word_1_262' title='bbox 1496 3938 1740 4024; x_wconf 81' lang='lat' dir='ltr'>extremitate</span> <span class='ocrx_word' id='word_1_263' title='bbox 1766 3932 1801 4021; x_wconf 93' lang='lat' dir='ltr'>L</span> <span class='ocrx_word' id='word_1_264' title='bbox 1827 3937 2015 4048; x_wconf 84' lang='lat' dir='ltr'>applicata</span> <span class='ocrx_word' id='word_1_265' title='bbox 2038 3939 2091 4023; x_wconf 88' lang='lat' dir='ltr'>ad</span> <span class='ocrx_word' id='word_1_266' title='bbox 2116 3943 2385 4027; x_wconf 82' lang='lat' dir='ltr'>extremitatem</span> 
     </span>
     <span class='ocr_line' id='line_1_30' title="bbox 1002 4049 2468 4174; baseline -0.001 -32"><span class='ocrx_word' id='word_1_267' title='bbox 1002 4049 1050 4142; x_wconf 78' lang='lat' dir='ltr'>R</span> <span class='ocrx_word' id='word_1_268' title='bbox 1075 4053 1248 4144; x_wconf 67' lang='lat' dir='ltr'>alterius}</span> <span class='ocrx_word' id='word_1_269' title='bbox 1272 4054 1509 4139; x_wconf 79' lang='lat' dir='ltr'>manifestum</span> <span class='ocrx_word' id='word_1_270' title='bbox 1531 4055 1604 4153; x_wconf 87' lang='lat' dir='ltr'>est,</span> <span class='ocrx_word' id='word_1_271' title='bbox 1627 4056 1834 4165; x_wconf 89' lang='lat' dir='ltr'>reptoriam</span> <span class='ocrx_word' id='word_1_272' title='bbox 1852 4055 1942 4136; x_wconf 91' lang='lat' dir='ltr'>hinc</span> <span class='ocrx_word' id='word_1_273' title='bbox 1957 4083 2207 4171; x_wconf 76' lang='lat' dir='ltr'>exsurgentem</span> <span class='ocrx_word' id='word_1_274' title='bbox 2225 4055 2384 4174; x_wconf 84' lang='lat' dir='ltr'>[quippe</span> <span class='ocrx_word' id='word_1_275' title='bbox 2467 4074 2468 4161; x_wconf 71' lang='lat' dir='ltr'>l</span> 
     </span>
     <span class='ocr_line' id='line_1_31' title="bbox 1004 4159 2468 4304; baseline 0.005 -48"><span class='ocrx_word' id='word_1_276' title='bbox 1004 4171 1192 4284; x_wconf 80' lang='lat' dir='ltr'>aequalem</span> <span class='ocrx_word' id='word_1_277' title='bbox 1314 4164 1564 4255; x_wconf 79' lang='lat' dir='ltr'>Theeremas.</span> <span class='ocrx_word' id='word_1_278' title='bbox 1596 4169 1740 4282; x_wconf 91' lang='lat' dir='ltr'>duplici</span> <span class='ocrx_word' id='word_1_279' title='bbox 1759 4167 1795 4258; x_wconf 89' lang='lat' dir='ltr'>L</span> <span class='ocrx_word' id='word_1_280' title='bbox 1811 4167 1866 4260; x_wconf 89' lang='lat' dir='ltr'>M</span> <span class='ocrx_word' id='word_1_281' title='bbox 1883 4159 1960 4304; x_wconf 82' lang='grc' dir='ltr'>Ν]</span> <span class='ocrx_word' id='word_1_282' title='bbox 1988 4177 2174 4286; x_wconf 81' lang='lat' dir='ltr'>aequalem</span> <span class='ocrx_word' id='word_1_283' title='bbox 2199 4173 2277 4260; x_wconf 89' lang='lat' dir='ltr'>esse</span> <span class='ocrx_word' id='word_1_284' title='bbox 2303 4201 2383 4284; x_wconf 86' lang='lat' dir='ltr'>pio·</span> <span class='ocrx_word' id='word_1_285' title='bbox 2467 4182 2468 4263; x_wconf 90' lang='lat' dir='ltr'>l</span> 
     </span>
     <span class='ocr_line' id='line_1_32' title="bbox 1005 4198 2468 4406; baseline 0.003 -36"><span class='ocrx_word' id='word_1_286' title='bbox 1005 4287 1135 4398; x_wconf 86' lang='lat' dir='ltr'>positae</span> <span class='ocrx_word' id='word_1_287' title='bbox 1157 4277 1201 4374; x_wconf 83' lang='grc' dir='ltr'><strong>Α</strong></span> <span class='ocrx_word' id='word_1_288' title='bbox 1218 4198 1323 4386; x_wconf 59' lang='lat' dir='ltr'>Pell,</span> <span class='ocrx_word' id='word_1_289' title='bbox 1349 4312 1392 4372; x_wconf 93' lang='lat' dir='ltr'>ut</span> <span class='ocrx_word' id='word_1_290' title='bbox 1416 4293 1457 4372; x_wconf 83' lang='grc' dir='ltr'>δι</span> <span class='ocrx_word' id='word_1_291' title='bbox 1480 4285 1609 4373; x_wconf 82' lang='lat' dir='ltr'>eidem</span> <span class='ocrx_word' id='word_1_292' title='bbox 1626 4286 1867 4390; x_wconf 86' lang='lat' dir='ltr'>dissimilem,</span> <span class='ocrx_word' id='word_1_293' title='bbox 1893 4290 1961 4372; x_wconf 91' lang='lat' dir='ltr'>nili</span> <span class='ocrx_word' id='word_1_294' title='bbox 1977 4287 2079 4376; x_wconf 88' lang='lat' dir='ltr'>forte</span> <span class='ocrx_word' id='word_1_295' title='bbox 2094 4317 2219 4406; x_wconf 78' lang='lat' dir='ltr'>partes</span> <span class='ocrx_word' id='word_1_296' title='bbox 2244 4287 2382 4378; x_wconf 81' lang='lat' dir='ltr'>PA&amp;</span> <span class='ocrx_word' id='word_1_297' title='bbox 2467 4304 2468 4319; x_wconf 56' lang='lat'>¹</span> 
     </span>
     <span class='ocr_line' id='line_1_33' title="bbox 1005 4397 2383 4522; baseline 0.001 -36"><span class='ocrx_word' id='word_1_298' title='bbox 1005 4397 1085 4486; x_wconf 89' lang='lat' dir='ltr'>PB</span> <span class='ocrx_word' id='word_1_299' title='bbox 1109 4401 1408 4518; x_wconf 79' lang='lat' dir='ltr'>ellentaequales</span> <span class='ocrx_word' id='word_1_300' title='bbox 1425 4409 1465 4490; x_wconf 74' lang='grc' dir='ltr'>ἀ</span> <span class='ocrx_word' id='word_1_301' title='bbox 1481 4405 1642 4498; x_wconf 75' lang='lat' dir='ltr'>similest</span> <span class='ocrx_word' id='word_1_302' title='bbox 1668 4436 1750 4522; x_wconf 88' lang='lat' dir='ltr'>qno</span> <span class='ocrx_word' id='word_1_303' title='bbox 1774 4404 1859 4494; x_wconf 85' lang='lat' dir='ltr'>casu</span> <span class='ocrx_word' id='word_1_304' title='bbox 1876 4399 2097 4494; x_wconf 77' lang='lat' dir='ltr'>adhibenda</span> <span class='ocrx_word' id='word_1_305' title='bbox 2117 4410 2221 4495; x_wconf 91' lang='lat' dir='ltr'>soret</span> <span class='ocrx_word' id='word_1_306' title='bbox 2238 4405 2383 4494; x_wconf 67' lang='lat' dir='ltr'>medela</span> 
     </span>
     <span class='ocr_line' id='line_1_34' title="bbox 1002 4509 2382 4639; baseline 0.007 -41"><span class='ocrx_word' id='word_1_307' title='bbox 1002 4519 1128 4603; x_wconf 87' lang='lat' dir='ltr'>modo</span> <span class='ocrx_word' id='word_1_308' title='bbox 1152 4517 1258 4636; x_wconf 85' lang='lat' dir='ltr'>supra</span> <span class='ocrx_word' id='word_1_309' title='bbox 1278 4524 1405 4609; x_wconf 79' lang='lat' dir='ltr'>allata.</span> <span class='ocrx_word' id='word_1_310' title='bbox 1445 4509 1699 4639; x_wconf 70' lang='lat' dir='ltr'>Ceteroquin</span> <span class='ocrx_word' id='word_1_311' title='bbox 1718 4553 1849 4612; x_wconf 85' lang='lat' dir='ltr'>tamen</span> <span class='ocrx_word' id='word_1_312' title='bbox 1874 4524 1956 4610; x_wconf 89' lang='lat' dir='ltr'>hoc</span> <span class='ocrx_word' id='word_1_313' title='bbox 1975 4527 2191 4613; x_wconf 86' lang='lat' dir='ltr'>notandum</span> <span class='ocrx_word' id='word_1_314' title='bbox 2219 4529 2262 4612; x_wconf 90' lang='lat' dir='ltr'>sn</span> <span class='ocrx_word' id='word_1_315' title='bbox 2280 4527 2382 4612; x_wconf 80' lang='lat' dir='ltr'>lavo-</span> 
     </span>
     <span class='ocr_line' id='line_1_35' title="bbox 970 4635 2381 4762; baseline 0.006 -45"><span class='ocrx_word' id='word_1_316' title='bbox 970 4671 972 4676; x_wconf 89' lang='lat'><em>·</em></span> <span class='ocrx_word' id='word_1_317' title='bbox 1004 4659 1088 4717; x_wconf 84' lang='lat' dir='ltr'>rem</span> <span class='ocrx_word' id='word_1_318' title='bbox 1107 4641 1241 4743; x_wconf 88' lang='lat' dir='ltr'>prioris</span> <span class='ocrx_word' id='word_1_319' title='bbox 1256 4635 1478 4762; x_wconf 81' lang='lat' dir='ltr'>solut10nis,</span> <span class='ocrx_word' id='word_1_320' title='bbox 1503 4645 1616 4758; x_wconf 87' lang='lat' dir='ltr'>quod</span> <span class='ocrx_word' id='word_1_321' title='bbox 1630 4669 1699 4756; x_wconf 90' lang='lat' dir='ltr'>pet</span> <span class='ocrx_word' id='word_1_322' title='bbox 1724 4645 1825 4731; x_wconf 87' lang='lat' dir='ltr'>hanc</span> <span class='ocrx_word' id='word_1_323' title='bbox 1849 4643 2127 4755; x_wconf 84' lang='lat' dir='ltr'>posteriorem,</span> <span class='ocrx_word' id='word_1_324' title='bbox 2153 4675 2235 4731; x_wconf 91' lang='lat' dir='ltr'>non</span> <span class='ocrx_word' id='word_1_325' title='bbox 2286 4668 2381 4728; x_wconf 90' lang='lat' dir='ltr'>uem·</span> 
     </span>
    </p>
   </div>
   <div class='ocr_carea' id='block_1_6' title="bbox 999 4675 2385 4990">
    <p class='ocr_par' dir='ltr' id='par_1_6' title="bbox 999 4675 2385 4990">
     <span class='ocr_line' id='line_1_36' title="bbox 999 4675 2385 4957; baseline 0.014 -126"><span class='ocrx_word' id='word_1_326' title='bbox 999 4745 1219 4838; x_wconf 65' lang='lat' dir='ltr'>eunomii</span> <span class='ocrx_word' id='word_1_327' title='bbox 1248 4785 1318 4867; x_wconf 90' lang='lat' dir='ltr'>per</span> <span class='ocrx_word' id='word_1_328' title='bbox 1343 4761 1545 4873; x_wconf 83' lang='lat' dir='ltr'>priorem,</span> <span class='ocrx_word' id='word_1_329' title='bbox 1571 4761 1846 4880; x_wconf 77' lang='lat' dir='ltr'>amplitudines</span> <span class='ocrx_word' id='word_1_330' title='bbox 1860 4761 2119 4874; x_wconf 78' lang='lat' dir='ltr'>reptoriarum</span> <span class='ocrx_word' id='word_1_331' title='bbox 2143 4675 2385 4957; x_wconf 51' lang='lat' dir='ltr'>decrescenstzs</span> 
     </span>
     <span class='ocr_line' id='line_1_37' title="bbox 1075 4905 2333 4990; baseline 0.007 -9"><span class='ocrx_word' id='word_1_332' title='bbox 1075 4918 1077 4926; x_wconf 76' lang='grc'>’</span> <span class='ocrx_word' id='word_1_333' title='bbox 2294 4905 2333 4990; x_wconf 76' lang='grc' dir='ltr'>Ρ</span> 
     </span>
    </p>
   </div>
   <div class='ocr_carea' id='block_1_7' title="bbox 0 0 2754 6884">
    <p class='ocr_par' dir='ltr' id='par_1_7' title="bbox 0 0 2754 6884">
     <span class='ocr_line' id='line_1_38' title="bbox 0 0 2754 6884; baseline 0 6"><span class='ocrx_word' id='word_1_334' title='bbox 0 0 2754 6884; x_wconf 95' lang='lat' dir='ltr'> </span> 
     </span>
    </p>
   </div>
  </div>
 </body>
</html>
