5500 6884
458 723 858 918 animum.
887 805 1287 906 mutuatam
1317 808 1699 912 mammam
1729 837 1813 944 402
1857 815 1862 822 ·

417 983 568 1094 tionem
596 1011 702 1068 mere
731 981 988 1096 algebraicam
1017 983 1164 1100 aliquid
1194 984 1390 1083 utilitatis,
1428 1009 1471 1068 ut
1495 989 1573 1093 jam
1605 985 1719 1086 dixi,
1764 1015 1816 1075 ex

418 1095 587 1185 Calculo
615 1099 924 1186 differentialium
948 1098 1071 1186 afferri
1095 1098 1201 1214 posse
1223 1129 1303 1185 non
1328 1096 1578 1214 suspicantes,
1611 1099 1703 1188 scite
1731 1100 1816 1218 ges-

417 1219 566 1314 tierunt,
580 1217 739 1302 ubinam
761 1245 855 1330 ergo
884 1216 1051 1302 latitaret
1067 1218 1313 1330 mysteriums
1344 1219 1477 1333 quod,
1501 1246 1544 1304 ut
1567 1221 1720 1304 illorum
1753 1223 1810 1307 in·

391 1333 584 1447 'dagandi
606 1333 827 1420 industriam
845 1335 1074 1434 excitarem,
1095 1361 1177 1418 non
1196 1335 1319 1418 statim
1339 1336 1489 1447 aperui,
1511 1331 1721 1450 usquedum
1741 1340 1810 1426 im·
1872 1345 1874 1347 '

414 1450 563 1565 penitus
585 1451 843 1566 flagitantibus
866 1451 906 1535 in
926 1478 977 1536 eo
999 1451 1199 1538 confistere
1218 1451 1376 1536 tandem
1396 1452 1570 1552 ostendi,
1594 1452 1705 1566 quod
1718 1454 1815 1539 stac-

413 1569 534 1653 tionis
554 1567 756 1682 propositae
778 1561 1022 1656 Numerator
1036 1572 1076 1652 δι
1095 1563 1636 1654 Denominator-confiderari
1649 1569 1814 1682 poffint,

414 1709 598 1798 tanquam
629 1683 888 1796 exprimentes
917 1685 1122 1797 applicatas
1149 1685 1310 1770 duarum
1331 1713 1532 1770 curvarum
1560 1683 1669 1800 super
1703 1716 1812 1772 cotn-

408 1803 519 1886 muni
539 1795 917 1915 axodescriptarum,
939 1807 979 1886 δι
1002 1801 1043 1916 in
1063 1805 1198 1916 aliquo
1217 1805 1298 1910 ejus
1317 1806 1460 1914 pundo
1480 1807 1811 1896 concurrentiums

414 1920 528 2017 ineu,
552 1913 716 2018 scilicet,
742 1919 853 2032 quod
868 1917 919 2002 ab
933 1919 1046 2004 initio
1061 1915 1295 2014 abscissurum
1310 1919 1422 2004 distat
1438 1921 1651 2033 quantitate
1669 1951 1716 2021 a,
1736 1945 1814 2032 qua

411 2029 711 2120 substitutaloto
730 2066 771 2134 x,
791 2033 983 2119 stastionis
997 2039 1149 2120 termini
1164 2039 1204 2120 in
1220 2037 1381 2119 nihilum
1396 2036 1555 2138 abeunt,
1577 2061 1695 2148 atque
1711 2036 1815 2121 adeo

411 2175 501 2236 cum
537 2152 621 2235 duae
653 2153 801 2236 illarum
825 2149 988 2236 duarum
1020 2171 1219 2236 curvarum
1244 2153 1467 2263 applicatae,
1505 2154 1545 2237 in
1568 2154 1638 2236 illo
1670 2157 1814 2265 pundo

411 2261 693 2368 evanescentes,
708 2268 758 2352 de
786 2291 943 2354 enerent
954 2269 992 2350 in
1002 2261 1082 2354 suas
1095 2267 1389 2360 differentialess
1404 2268 1515 2380 quod
1529 2294 1709 2380 oporteat
1718 2269 1812 2354 loco

378 2383 383 2398 ⁷
410 2379 687 2474 Numeratoris
708 2391 748 2469 δι
814 2386 1091 2472 enominatoris
1109 2380 1280 2471 substitui
1299 2413 1437 2471 eorum
1461 2383 1745 2487 differentiales,
1767 2408 1813 2472 ut

410 2529 518 2586 nova
531 2503 715 2590 habeatur
731 2499 865 2587 stadio
883 2497 1053 2610 ejusdem
1070 2503 1212 2587 valoris
1230 2529 1319 2586 cunt
1332 2502 1474 2616 priore,
1493 2503 1533 2585 in
1550 2495 1634 2585 casu
1652 2501 1812 2615 singula·

395 2621 489 2736 rix
500 2645 626 2712 :zat
651 2617 761 2734 quod
778 2621 911 2735 itaque
932 2619 1011 2702 haec
1028 2645 1134 2706 nova
1150 2617 1304 2719 stadio,
1331 2620 1418 2733 post
1441 2611 1677 2734 surrogatum
1693 2649 1719 2700 a
1740 2648 1813 2732 pto

401 2738 459 2836 ac,
483 2736 608 2820 statim
630 2735 763 2821 datura
784 2735 829 2821 stt
854 2739 948 2822 citra
964 2736 1081 2822 ullam
1107 2737 1221 2822 aliam
1240 2738 1511 2849 operationem
1529 2735 1724 2850 questum
1742 2761 1813 2822 va·

363 2903 365 2906 ·
409 2854 557 2943 loremt
578 2861 617 2940 δι
635 2849 795 2968 quidem
811 2881 884 2966 pro
903 2846 1086 2964 superiori
1103 2855 1284 2964 exemplo
1298 2885 1401 2968 y=
1412 2856 1428 2944 (
1437 2853 1471 2945 ss
1491 2858 1506 2945 (
1523 2859 1597 2938 2a⁸
1610 2861 1812 2960 x-x⁴)

409 3023 479 3046 ...
500 2971 723 3077 aduam:
745 2969 1069 3078 (ιι-ξιιμ),
1091 2968 1272 3054 facilfime
1292 2971 1518 3080 huncy=
1546 2981 1631 3072 ¹9⁶¹·

469 3083 712 3201 Inexpediata
725 3087 796 3170 hac
813 3083 994 3171 facilitate
1010 3081 1200 3200 perculsus
1213 3080 1366 3171 illustris
1395 3080 1810 3186 HosP1TAL1Us‚
1945 3092 1952 3104 '

410 3197 605 3319 Regulam
627 3205 746 3304 iliam,
763 3205 870 3312 juxta
888 3201 963 3286 alia
975 3229 1075 3303 mea,
1094 3197 1246 3287 inseruit
1263 3203 1395 3313 postea
1411 3198 1566 3314 Anaelyſs
1579 3205 1715 3313 itpsnite
1722 3227 1812 3313 par·

384 3342 390 3352 ·
410 3353 553 3424 vorum,
574 3345 690 3436 quam
700 3318 920 3406 indecitans
933 3313 1098 3406 Dooils.
1117 3314 1407 3406 SAURINus
1425 3319 1466 3399 in
1481 3317 1669 3431 premo.
1686 3317 1812 3405 Paris.

413 3465 433 3550 3
459 3431 569 3552 Aug.
591 3433 675 3524 An.
709 3467 830 3545 1702.
856 3430 1000 3522 nescius
1025 3463 1049 3520 a
1075 3463 1156 3550 quo
1182 3433 1296 3520 fiterit
1325 3435 1506 3533 inventa,
1531 3436 1813 3549 generaliorem

410 3555 586 3640 nonnihil
610 3551 839 3666 depraedicat
865 3579 952 3638 eam
980 3577 1096 3666 quam
1122 3577 1190 3663 pat
1216 3552 1291 3636 est:
1319 3544 1412 3651 sed,
1435 3553 1608 3639 veritatis
1645 3580 1809 3655 amore,

410 3673 566 3757 nonest
590 3665 872 3757 dissimulandas
893 3665 1058 3784 Regula
1077 3669 1176 3754 illius
1204 3666 1373 3754 defectus
1388 3668 1547 3782 aliquis,
1571 3699 1689 3783 quem
1715 3695 1811 3756 neu·

410 3811 469 3876 ter
486 3787 778 3878 animadvertitt
795 3787 898 3872 hunc
915 3789 1029 3900 igitur
1047 3809 1090 3872 ut
1105 3784 1285 3900 detegam
1301 3786 1529 3897 tollamque,
1549 3788 1589 3868 u
1606 3788 1660 3868 ita
1672 3781 1809 3897 Regu·

410 3908 488 3991 lant
522 3933 649 3990 meam
673 3903 725 3990 ad
759 3901 1002 4017 perfectionis
1033 3903 1296 4016 colophonem
1330 3898 1567 4014 perducams
1592 3899 1810 3985 notandum

408 4025 486 4124 est,
513 4020 723 4136 aliquando
748 4020 923 4108 accidere
942 4017 1070 4134 polle,
1101 4045 1144 4104 ut
1166 4045 1272 4104 nova
1294 4015 1428 4104 stastio
1443 4041 1530 4103 orta
1558 4047 1607 4103 ex
1626 4016 1805 4103 disseren-

404 4142 571 4226 tiatione
586 4141 836 4224 terminorum
849 4137 1041 4223 finitionis
1059 4135 1274 4249 proposttae,
1289 4134 1427 4221 eadem
1441 4136 1566 4220 'adhuc
1579 4137 1732 4224 laboret
1748 4131 1809 4216 di-

410 4255 613 4355 fficultate,
632 4253 765 4356 idest,
784 4272 827 4333 ut
842 4281 970 4338 novos
986 4253 1157 4365 acquirat
1174 4253 1359 4337 terminos
1377 4252 1513 4340 itidem
1532 4254 1571 4339 in
1589 4253 1749 4338 nihilum
1768 4277 1810 4335 a·

409 4374 588 4472 beantes,
607 4373 647 4456 in
667 4365 751 4458 casu
766 4397 921 4462 καις
946 4369 989 4454 id
1005 4367 1115 4484 quod
1132 4391 1224 4454 tunc
1238 4367 1444 4458 necessario
1463 4372 1666 4484 contingit,
1685 4393 1809 4481 quan·

411 4488 468 4577 do
492 4487 763 4576 differentiales
793 4479 877 4600 ipsae
905 4487 1184 4588 termInorum,
1213 4486 1253 4572 in
1278 4515 1329 4573 eo
1362 4483 1480 4587 casu,
1512 4481 1681 4600 respectu
1716 4482 1808 4570 teli·

439 4635 587 4709 uatum,
594 4608 661 4694 vel
676 4603 822 4693 infinite
839 4629 999 4720 magna,
1016 4603 1083 4689 vel
1101 4601 1249 4690 infinite
1262 4632 1387 4718 patvae
1400 4603 1590 4696 evadunts
1606 4596 1671 4687 seu
1686 4626 1809 4714 quan-

409 4635 468 4810 do
498 4751 622 4811 curvae
658 4725 763 4824 illa,
794 4715 902 4835 super
932 4720 1074 4810 eodem
1106 4747 1178 4806 axe
1205 4717 1430 4833 descriptae,
1460 4735 1541 4806 non
1571 4719 1810 4833 obliquum,

410 4838 478 4928 sed
501 4843 567 4930 vel
594 4840 853 4940 tesium,·vel
873 4840 1021 4927 nullum
1039 4838 1220 4952 angulum
1248 4837 1392 4923 faciunt
1414 4863 1502 4923 tum
1526 4861 1599 4926 axe
1619 4837 1660 4921 in
1687 4863 1807 4947 punc·

411 4985 458 5046 to
477 4955 691 5050 concursus.
750 4951 930 5076 Exempli
961 4958 1053 5162 ipro
1081 4981 1319 5070 proponatur
1344 4955 1428 5042 ltaec
1446 4952 1580 5044 fiasiio
1600 4955 1693 5072 (ab
1709 4953 1810 5161 (45⁸3

540 5153 549 5172 .
1024 5099 1090 5162 ee
1149 5109 1172 5162 ι
1646 5085 1759 5173 ÷4³
