5500 6884
892 795 950 862 a
990 770 1079 888 aa
1285 753 2144 864 N⁰.L.111.-urrtuuTAT10

778 948 801 966 ⁸·
887 955 889 958 ’
996 927 2145 1036 Cnarnsrus,Rounutrtus‚struo,eum
2187 947 2397 1017 erramu-

992 1056 1038 1138 lis
1061 1057 1280 1138 arteriarum
1302 1057 1482 1138 extremis
1507 1051 1729 1136 immediate
1752 1047 1955 1141 derivant;
1986 1051 2225 1132 conveniunt
2261 1073 2399 1132 tamen
2542 1121 2543 1183 ᾖ

993 1195 1157 1279 omnes,
1189 1175 1387 1254 materiam
1410 1199 1458 1254 ex
1484 1196 1560 1282 qua
1582 1171 1647 1253 ille
1670 1173 1872 1282 generetur
1905 1163 1978 1254 eise
1997 1161 2242 1277 sanguinem,
2274 1168 2398 1278 inque

993 1287 1220 1374 mechanico
1237 1286 1452 1399 explicandi
1475 1284 1598 1370 modo
1621 1309 1832 1400 parumaut
1859 1285 1954 1366 nihil
1977 1281 2181 1381 disserunt,
2207 1285 2275 1396 qui
2297 1277 2399 1366 sum-

995 1403 1130 1490 matim
1154 1401 1212 1488 ita
1239 1399 1277 1488 se
1306 1405 1450 1488 habet:
1484 1397 1581 1488 Cibi
1611 1406 1750 1488 inore
1780 1403 1961 1484 masticari
1994 1425 2071 1510 ope
2111 1399 2315 1498 dentium,
2349 1398 2398 1480 ab

967 1603 971 1610 .
993 1515 1213 1632 interspersa
1240 1516 1355 1604 saliva
1375 1521 1537 1632 primam
1566 1521 1882 1633 praeparationem
1904 1513 2093 1613 subeunt,
2114 1515 2298 1628 deglutiti
2322 1544 2402 1626 po·
2542 1575 2543 1646 p

994 1638 1072 1720 sica
1101 1635 1334 1723 afermcnto
1358 1635 1563 1724 ventriculi
1590 1637 1903 1720 comminuuntur
1931 1639 1972 1717 δι
1998 1632 2222 1744 digeruntur
2245 1634 2398 1742 magis,

990 1748 1116 1866 'inque
1137 1755 1293 1866 chylum
1316 1749 1379 1839 seu
1402 1745 1580 1869 succum,
1611 1756 1843 1839 cinericeum
1867 1751 1994 1863 primo
2006 1810 2019 1850 ,
2047 1749 2138 1832 dein
2162 1749 2398 1832 albicantem

987 1893 1296 1968 convertuntur,
1327 1872 1395 1983 qui
1426 1873 1511 1982 post
1540 1872 1886 1982 moramaliquam
1924 1895 1992 1977 per
2026 1867 2230 1951 ventriculi
2258 1867 2398 1949 ostium

996 1982 1166 2084 inferius,
1185 1985 1516 2099 pylorumdidnam,
1538 1990 1761 2100 exprimitur
1787 1986 2039 2082 mintestina,
2071 1985 2111 2065 in
2134 1982 2275 2094 quibus
2294 2008 2388 2092 pau·

995 2103 1106 2186 satim
1123 2097 1407 2216 proreptando,
1429 2128 1595 2217 cogente
1615 2103 1878 2188 intestinorum
1898 2126 2009 2183 motu
2023 2101 2277 2210 peristaltico,
2301 2125 2415 2222 por··

993 2247 1044 2302 ro
1075 2220 1246 2319 elicitur,
1279 2222 1491 2327 exaltatur,
1519 2243 1763 2316 attenuanu,
1784 2211 2045 2328 intensiusque
2075 2209 2260 2300 lasiestit:
2288 2209 2389 2298 Hoc

993 2333 1121 2418 modo
1140 2360 1380 2433 attenuatus,
1413 2330 1541 2421 oscula
1562 2331 1739 2420 vasorum
1761 2335 1968 2419 ianitorum
1987 2327 2195 2430 subinnat,
2228 2354 2389 2442 urgente

997 2446 1143 2562 semper
1169 2479 1220 2536 eo
1250 2456 1319 2564 qni
1342 2447 1537 2564 sequitur,
1566 2453 1706 2538 resistis
1729 2451 1921 2562 particulis
1946 2447 2186 2532 ¹craifioribus
2199 2453 2249 2531 ἀ
2275 2445 2390 2530 saccu-

997 2563 1139 2664 lentis,
1170 2594 1256 2679 quae
1281 2593 1522 2652 excrementa
1552 2593 1793 2680 componunt
1819 2566 2030 2678 per‘nlvum
2056 2561 2268 2672 ejicienda
2293 2590 2391 2645 mox

996 2683 1216 2796 percolatur
1235 2712 1303 2795 per
1321 2684 1541 2796 glandulam
1562 2711 1754 2796 magnam·
1768 2677 2023 2780 Asmn,
2049 2681 2245 2768 ulterioris
2266 2679 2389 2792 depu-

860 2805 869 2817 ’
997 2801 1157 2884 rationis
1175 2802 1320 2910 gratia,
1347 2803 1403 2884 uti
1426 2803 1587 2899 volunt,
1612 2799 1762 2882 dehinc
1782 2798 1924 2882 affatim
1949 2824 2157 2910 properans
2173 2825 2246 2908 per
2262 2799 2392 2880 varios

983 2941 1127 3021 ⁴carnos
1156 2912 1282 2999 te‘ndit
1309 2916 1360 2999 ad
1382 2944 1588 3002 commune
1614 2917 1900 3026 receptaculum
1922 2941 1953 2999 *a
1974 2909 2291 3018 PEC'QUETO
2323 2913 2390 2994 de·

998 3035 1163 3121 teeumr
1188 3057 1456 3129 concontratut
1474 3035 1616 3117 iterum
1629 3031 1852 3145 expellitur,
1869 3032 2005 3144 partim
2018 3057 2162 3114 anovo
2177 3022 2390 3143 subingres-

996 3139 1107 3245 suto,
1137 3149 1275 3258 partim
1305 3150 1422 3232 eriam
1439 3176 1474 3254 *a
1495 3151 1709 3234 micatione
1734 3149 1957 3232 arteriarum
1986 3153 2035 3230 δι’
2057 3171 2168 3232 motu
2196 3141 2386 3229 musculo·

991 3261 1147 3348 :eumin
1178 3264 1318 3346 vicinia
1342 3267 1573 3372 jacentium,
1604 3265 1823 3348 abdominis
1846 3259 2047 3372 praesertim
2074 3262 2385 3375 &quorundam

994 3374 1233 3490 respirationi
1257 3373 1554 3478 inservientium,
1577 3379 1644 3461 ubi
1668 3378 1912 3488 diaphragma
1933 3407 2048 3492 quam
2062 3377 2267 3492 plurimum
2280 3371 2387 3490 pras·

992 3518 1090 3593 ·tat‚
1122 3490 1317 3604 expulsum
1357 3497 1493 3604 recipit
1533 3494 1665 3577 duetus
1697 3494 1945 3594 thoracicus,
2014 3520 2054 3580 cr
2097 3524 2215 3608 quem
2254 3491 2388 3579 iisdem

992 3610 1248 3696 moventibus
1276 3609 1416 3723 jugiter
1437 3604 1626 3708 ascendit,
1658 3615 1699 3692 δι
1728 3607 1897 3723 denique
1915 3611 1960 3695 in
1982 3524 2152 3724 suprema
2177 3638 2285 3722 parte
2314 3605 2386 3696 sese

996 3749 1184 3831 exonerat
1217 3727 1265 3809 in
1303 3754 1443 3812 venam
1470 3720 1738 3825 'subciaviam,
1778 3727 1847 3810 ubi
1886 3731 2051 3838 primum
2083 3755 2178 3810 cum
2207 3723 2388 3840 sangnine

993 3837 1277 3929 commiscetur.
1336 3841 1428 3928 Scio
1462 3837 1650 3956 quosdam
1672 3839 1747 3926 eise
1786 3872 1834 3926 cx
1864 3842 2159 3953 praestantissimis
2193 3845 2389 3930 modernis

997 3955 1246 4044 Anatomicis
1264 4017 1279 4061 ,
1296 3963 1377 4073 ·qui
1407 3957 1565 4072 quidem
1594 3959 1666 4040 hac
1687 3959 1800 4069 :chyli
1828 3961 1892 4040 via
1914 3988 2000 4044 non
2026 3987 2192 4074 negata,
2223 3963 2391 4076 aliquam

995 4078 1229 4179 tameneius
1247 4101 1416 4186 partem,
1441 4071 1669 4159 immediate
1691 4103 1740 4158 ex
1762 4075 1944 4159 'mtestmis
1967 4079 2212 4178 venientem,
2239 4107 2261 4160 a
2282 4079 2391 4162 venis

995 4183 1207 4279 mesaraicis
1221 4187 1449 4290 absorberi,
1468 4197 1518 4274 δι
1542 4189 1590 4274 sc
1611 4219 1702 4274 cum
1719 4186 1897 4303 sanguine
1926 4193 2048 4278 statim
2067 4195 2227 4278 mixtum
2249 4193 2298 4276 ad
2317 4193 2391 4278 he-

844 4373 851 4386 .
882 4362 887 4372 ·
933 4331 935 4336 ·
995 4338 1066 4423 par
1082 4304 1276 4392 amandari
1292 4310 1479 4405 statuunt,
1498 4335 1615 4419 quam
1634 4309 1863 4418 opinionem
1881 4311 2084 4422 praeprimis
2104 4309 2239 4395 fovent
2251 4303 2388 4398 'HOR-

998 4421 2229 4526 urus,Sunuuuuunmfflustus,Bouttos,
2260 4421 2389 4516 Deu-

996 4563 1256 4633 ssuolusr
1289 4537 1588 4625 decantatiffimo
1610 4542 1680 4626 illo
1703 4543 1965 4654 experimento
1987 4541 2142 4646 Bilstano
2161 4572 2297 4629 omnes
2320 4541 2387 4630 vel

994 4655 1173 4768 plerique
1206 4661 1307 4750 nixir
1340 4687 1422 4770 quo
1445 4660 1533 4766 jure
1574 4685 1698 4758 vero,
1744 4651 1983 4754 consulantur
2011 4654 2388 4768 Metulum,

998 4769 1303 4872 novenos,
1334 4771 1717 4862 Bnnruouur
1746 4771 1856 4854 Pater
1887 4779 1927 4856 uc
1956 4775 2092 4876 illius,
2125 4783 2164 4860 δι
2195 4779 2282 4876 alii,
2315 4779 2386 4890 qui

996 4890 1052 4978 ad
1070 4889 1190 5003 hepar
1214 4891 1310 4980 nunt
1337 4894 1501 4984 omruuo
1528 4893 1632 5010 thysi
1650 4909 1721 5008 per
1747 4884 1963 4982 mesaraicas
1985 4891 2124 4987 deferti
2150 4891 2385 4978 validiffirnis

2183 5036 2394 5124 argumens
