5500 6884
576 749 685 852 ΕΤ
736 747 1570 848 FERMENTATIONE.
1741 784 1790 850 rt

410 920 630 1031 vescentia,
644 931 647 938 ’
659 926 765 1014 sicuti
786 927 828 1012 in
846 925 1001 1042 liquidis'
1020 953 1104 1040 quae
1121 927 1279 1040 proprio
1298 895 1410 1011 motu
1419 927 1597 1011 intestino
1608 919 1793 1037 gaudente

415 1041 610 1162 ideoque,
640 1045 691 1129 ad
718 1045 821 1130 illam
843 1042 1175 1157 promovendam,
1206 1071 1306 1157 opus
1333 1047 1389 1132 est
1416 1067 1571 1131 motore
1599 1065 1792 1144 externo,

415 1187 462 1254 ut
480 1193 528 1254 ex
550 1156 861 1278 subsequentibus
877 1159 990 1248 fufius
1015 1161 1177 1272 patebit.

1027 1383 1131 1480 VI.

470 1621 625 1716 Verum
644 1623 876 1726 enimvero,
915 1645 1123 1738 antequam
1148 1622 1188 1708 in
1208 1623 1369 1742 triplicis,
1393 1626 1515 1735 hujus·
1533 1615 1792 1710 Efferuescem

410 1741 474 1830 tiae
493 1740 618 1838 causas
641 1745 899 1857 inquiramus,
929 1740 1075 1828 necesse
1095 1741 1171 1841 est,
1202 1767 1245 1827 ut
1268 1749 1348 1853 ejus
1367 1767 1496 1827 totum
1513 1737 1724 1855 processum
1750 1747 1792 1824 &

410 1856 605 1945 historiam
616 1861 918 1972 praeliminemus.
981 1855 1113 1968 Quod
1131 1887 1224 1972 ergo
1241 1863 1377 1946 attinet
1390 1859 1441 1947 ad
1459 1853 1791 1946 Effervescentiam

410 1977 525 2086 primi
555 1978 737 2088 generis,
768 1977 833 2059 illa
864 1975 913 2060 stc
932 1977 1132 2088 peragitur
1145 2009 1168 2088 :-
1182 1977 1360 2060 nimirum
1389 2005 1476 2060 cum
1510 1975 1591 2059 duo
1620 1975 1794 2086 liquores

409 2089 695 2177 effervescendo
722 2092 853 2176 idonei
886 2096 1053 2184 inuicem
1081 2085 1400 2191 commiscentur,
1430 2087 1556 2175 subito
1592 2093 1712 2174 oritur
1730 2093 1790 2172 in·

409 2208 705 2294 numerabilium
723 2208 953 2294 bullularum
971 2205 1159 2320 superiora
1184 2210 1397 2318 petentium
1436 2209 1657 2318 congeries,
1701 2232 1791 2295 cum

406 2323 637 2410 uehementi
659 2321 845 2423 stridore,
875 2351 920 2407 ac
944 2323 970 2406 st
989 2320 1095 2435 super
1117 2323 1344 2434 rapidissimo
1366 2325 1455 2436 igne
1490 2345 1747 2434 coquerentur
1772 2379 1787 2420 ,

410 2460 688 2552 nonnunquam
707 2435 872 2524 intensus
893 2467 1053 2554 quoque
1072 2433 1226 2523 sentitur
1245 2443 1371 2538 calor,
1402 2467 1490 2522 cum
1512 2465 1658 2551 vapore
1678 2435 1790 2519 &str-

410 2581 479 2638 mo
501 2557 703 2640 attollente
724 2549 761 2638 se
781 2559 821 2638 in
840 2583 977 2640 auras:
1012 2554 1203 2640 interdum
1224 2583 1318 2640 vero
1340 2556 1429 2653 vix,
1460 2582 1505 2638 ac
1530 2583 1582 2639 ne
1603 2556 1671 2636 vix
1700 2554 1789 2665 quina¹

409 2667 523 2770 dem,
554 2667 781 2776 incalescunt
805 2708 815 2755 r
846 2676 1046 2784 postquam
1064 2673 1200 2756 iterum
1219 2671 1509 2769 deferbuerunt,
1541 2667 1682 2783 (quod
1706 2670 1789 2752 cito

409 2781 478 2870 sie't
494 2787 512 2894 )
531 2809 613 2872 tum
634 2787 824 2872 interdum
846 2791 885 2871 in
909 2787 1032 2874 simdo
1052 2782 1277 2899 conspicitur
1300 2779 1556 2897 sedimentum»
1575 2785 1693 2870 srmile
1706 2810 1786 2867 ma·

406 2902 512 2986 teriae
531 2901 684 2984 cuidam
697 2904 884 2998 terrestri,
916 2903 1025 3012 quod
1038 2913 1291 3014 precipitatum
1318 2931 1342 2984 a
1363 2898 1569 3013 Chymicis,
1583 2925 1745 2984 vocatur
1770 2929 1783 2988 3

406 3007 605 3098 interdum
624 3041 721 3096 vero
729 3016 842 3124 plane
861 3015 956 3096 nihil
980 3015 1156 3113 videtur,
1186 3018 1288 3100 adeo
1307 3041 1351 3098 ut
1363 3019 1490 3126 liquor
1508 3017 1671 3113 mixtus,
1700 3012 1788 3126 post

404 3123 756 3226 effervescentiam,
788 3151 866 3210 tam
885 3155 1022 3238 purus,
1054 3153 1131 3212 tam
1152 3127 1363 3240 pellucidus
1394 3131 1552 3228 existat,
1583 3151 1628 3211 ut
1662 3151 1784 3228 ante,

406 3243 584 3442 wo
605 3269 655 3326 ne
683 3241 882 3353 vestigium
913 3241 1072 3354 quidem
1106 3245 1343 3327 ebullitionis
1377 3245 1571 3354 preterita
1592 3263 1783 3356 appareat.

538 3352 700 3441 escentia
718 3349 870 3442 secundi
899 3359 1074 3468 generis,
1105 3385 1190 3469 quae
1210 3360 1330 3442 oritur
1351 3387 1401 3442 ex
1433 3361 1704 3467 conjundiione
1738 3361 1785 3444 li·

406 3474 519 3586 quidi
541 3479 580 3556 &
599 3467 736 3570 solidi,
767 3474 843 3558 hoc
871 3471 994 3555 modo
1013 3469 1057 3556 fit
1080 3471 1101 3556 ι’
1122 3475 1161 3555 in
1187 3468 1268 3586 ipso
1290 3471 1507 3588 congressus
1542 3499 1782 3574 momento,

407 3589 543 3700 incipit
574 3587 753 3672 ebullitio
787 3615 875 3670 cum
917 3581 1068 3698 spuma,
1100 3591 1281 3700 strepitu,
1312 3597 1353 3673 dc
1382 3619 1657 3702 nonnunquam
1694 3617 1783 3672 cum

406 3704 544 3818 Insigni
563 3705 689 3788 calore
719 3708 759 3788 dc
783 3703 890 3787 firmo
911 3698 1158 3795 ascendente3
1191 3699 1377 3803 solidum,
1409 3705 1537 3788 finon
1560 3704 1661 3818 adeo
1675 3734 1784 3789 com-

406 3825 559 3932 paetum
578 3821 617 3902 dc
640 3845 756 3933 grave
785 3817 853 3917 stt,
892 3819 1016 3902 statim
1042 3817 1276 3918 dissolvitur,
1306 3813 1461 3933 ejusque
1480 3819 1690 3932 sragtnenta
1706 3821 1784 3906 huc

406 3937 499 4020 illuc
518 3931 800 4048 dispergunturr
831 3934 993 4020 altentm
1014 3929 1181 4020 ascendit
1194 3961 1335 4048 magno
1362 3965 1451 4020 cum
1486 3937 1655 4048 impetu,
1685 3937 1801 4022 alte-.

404 4077 489 4136 rum
507 4051 559 4135 ad
583 4049 744 4136 fiurdttm
760 4078 924 4164 praeceps
942 4049 1043 4141 ruitr
1073 4079 1192 4136 unum
1206 4051 1313 4136 alteri
1334 4053 1557 4150 reludiatur,
1595 4052 1785 4142 tendente

405 4167 482 4253 boc
500 4161 760 4266 dextrorsum,
791 4167 913 4254 altero
925 4163 1188 4258 smist'rorsumr
1220 4168 1370 4283 liquor,
1401 4171 1468 4280 qui
1481 4164 1604 4251 modo
1622 4169 1781 4280 pelluci-

406 4281 477 4368 dus
501 4307 607 4382 erat,
638 4281 762 4366 induit
787 4281 970 4394 pallidum
994 4283 1166 4369 colorem
1200 4289 1240 4369 dc
1264 4284 1503 4370 turbulentus
1534 4283 1688 4376 evadit;
1720 4289 1780 4394 ju-

406 4397 575 4482 cundum
595 4399 717 4483 hocce
730 4393 978 4512 spedlaculum
994 4400 1190 4513 aliquanto
1209 4399 1350 4484 diutins
1369 4399 1481 4483 durat
1503 4427 1618 4514 quam
1641 4427 1782 4511 praece-

404 4511 505 4599 dens
526 4509 833 4611 effervescentia,
864 4514 992 4602 donec
1022 4516 1181 4602 tandem
1202 4518 1337 4602 onmia
1361 4517 1495 4601 labore
1508 4519 1527 4626 (
1539 4541 1582 4599 ut
1603 4513 1652 4599 fic
1670 4515 1780 4604 dixe·

397 4627 510 4737 rlm)
532 4628 617 4715 feffr
639 4626 851 4745 quiescantr
882 4657 966 4716 tum
1005 4632 1183 4734 demum,
1223 4627 1346 4724 solida
1374 4631 1532 4718 materia
1562 4633 1601 4714 in
1644 4634 1779 4744 pulve-

415 4775 501 4835 rem
525 4741 700 4832 dilsoluta
739 4743 930 4861 dispersrm
959 4747 1000 4832 in
1034 4747 1156 4833 firndo
1191 4743 1441 4863 conspicitur,
1472 4751 1513 4832 δι
1536 4745 1664 4863 liquor
1701 4751 1779 4862 pri·
1856 4815 1861 4822 .

399 4859 538 4958 sunan
566 4861 872 4982 pelluciditatem
905 4866 1093 4981 acquiritr
1119 4865 1207 5070 Bubi
1233 4889 1382 4974 ,umen
1402 4862 1637 4971 notandum,
1664 4862 1803 4994 quodj

439 5011 445 5020 '
1216 5011 1241 5076 2
1677 5007 1780 5076 non·
