5500 6884
600 907 710 1000 ΕΤ
761 906 1622 1010 FERMENTATJONE.
1774 957 1821 1030 15
2001 841 2004 846 Ι

440 1076 531 1168 'drls'
545 1073 652 1165 bases
670 1077 737 1164 fibi
759 1100 896 1164 mutuo
910 1079 1204 1180 obvettentibus
1239 1079 1483 1199 compofitaes
1509 1079 1561 1179 Et
1582 1082 1660 1188 hoc
1682 1112 1821 1202 eorpus

438 1207 713 1320 πριαμένη.
747 1194 940 1318 [thn]
1337 1206 1344 1214 ·
1758 1217 1763 1224 .

928 1297 941 1308 ιι

1096 1427 1156 1530 X.

497 1657 580 1747 His
591 1657 884 1862 praesuppofitis,
900 1658 1053 1748 difficile
1064 1689 1144 1748 non
1155 1659 1367 1750 eritveram
1377 1722 1392 1764 ,
1416 1655 1480 1749 seu
1491 1657 1622 1751 saltem
1635 1666 1819 1776 probabh

442 1781 542 1875 lem,
572 1773 715 1861 causam
761 1774 1025 1864 ffervescentiae
1038 1779 1242 1892 inquirere.
1258 1777 1504 1866 Sienimduo
1521 1809 1687 1892 corpora
1700 1778 1816 1871 adef-
1912 1891 1916 1894 ἢ

438 1887 725 1980 fervescentium
741 1919 970 2005 opportuna,
982 1921 1147 2007 quorum
1156 1922 1275 1992 unum
1285 1898 1818 2006 agenealterumpatrensnun.

440 2012 602 2120 cupavl,
634 2007 952 2123 congrediuntur,
984 2015 1024 2094 δι
1040 2039 1174 2096 eorum
1194 2014 1383 2122 particulae
1400 2015 1568 2100 invicem
1590 2003 1820 2107 intimemis-

437 2149 595 2215 tenturl
626 2123 699 2224 fit,
730 2149 773 2208 ut
806 2126 985 2238 quaelibet
1015 2128 1205 2238 particulae
1240 2130 1412 2239 corporis
1443 2138 1604 2237 regemn,
1650 2151 1743 2240 quas
1778 2127 1819 2214 in

438 2240 534 2352 hyp.
557 2269 596 2348 7.
627 2241 867 2332 tetraedricas
896 2235 1031 2353 posul,
1075 2243 1115 2324 ln
1141 2243 1332 2354 quaslibet
1366 2245 1566 2354 particulas
1599 2252 1814 2352 parientis,

433 2353 596 2466 figuram
615 2356 756 2467 inhyp.
778 2369 817 2448 8.
848 2351 1070 2469 descriptam
1092 2357 1301 2457 habentes,
1332 2359 1621 2469 impingantur,
1654 2364 1694 2440 δι
1727 2349 1925 2496 quia},³¹·
1951 2357 1976 2421 ¹·

432 2470 587 2556 illarum
605 2471 870 2582 particularum
899 2473 1028 2584 anguli
1051 2475 1334 2583 prominentes,
1375 2475 1416 2558 in
1439 2475 1572 2557 harum
1592 2467 1758 2563 smuosns
1778 2478 1817 2559 δι
1839 2453 1890 2526 ·ἐ”
1906 2451 1931 2524 l·
1951 2457 1981 2518 ⁴²

431 2613 656 2685 concavos,
673 2611 762 2668 cum
774 2587 944 2698 impetu,
959 2615 1168 2672 cuneorum
1182 2589 1314 2686 instar,
1333 2587 1538 2699 infiguntur
1552 2587 1649 2697 [Fig.
1666 2597 1733 2694 3.]
1748 2588 1816 2670 ali.-

429 2724 497 2792 ter
529 2699 611 2786 fieri
638 2703 801 2815 nequit,
832 2729 947 2814 quam
979 2725 1021 2788 ut
1042 2703 1234 2814 particulae
1265 2707 1436 2814 corporis
1446 2713 1644 2814 parientis,
1675 2724 1819 2794 tantam

427 2817 518 2900 vim
530 2809 705 2906 sustinere
713 2845 794 2901 non
804 2818 989 2916 valentes,
1004 2845 1072 2928 per
1089 2818 1260 2914 medium
1272 2817 1515 2916 dilhndcntur
1525 2818 1711 2927 [Flu-435
1736 2845 1817 2929 qun

424 2929 570 3032 fauo,
609 2936 686 3018 aeri
719 2931 964 3044 compresso,
1004 2935 1045 3017 ln
1067 2961 1144 3033 ea,
1187 2961 1255 3044 per
1296 2934 1389 3046 hyp.
1416 2965 1458 3042 4.
1491 2959 1703 3032 contento,
1734 2934 1815 3022 exi.

423 3070 499 3132 tus
521 3071 696 3157 parattu,
726 3054 767 3130 δε
789 3073 880 3130 tunc
901 3077 925 3130 a
943 3075 1089 3132 carcere
1111 3045 1346 3160 vinculisque
1367 3043 1438 3142 suis
1471 3049 1679 3144 liberatus,
1711 3073 1816 3156 ma&

419 3191 494 3245 no
521 3161 702 3267 strepitu,
733 3187 802 3268 per
821 3161 913 3268 hyp.
941 3193 978 3242 2.
999 3166 1184 3270 erumpit,
1215 3159 1409 3270 majusque
1438 3159 1597 3271 spatium
1630 3184 1816 3271 occupat,
1943 3213 1946 3218 -

418 3271 696 3384 tandemque,
727 3301 796 3382 per
813 3272 905 3384 hyp.
928 3303 966 3378 3.
998 3267 1065 3358 sub
1087 3273 1210 3359 forma
1231 3275 1459 3361 infinitarum
1492 3277 1741 3373 bullularum,
1771 3302 1818 3357 ac

418 3388 534 3474 stab
554 3413 653 3498 aqua
675 3387 885 3474 ebulliente
914 3415 1129 3496 erumperet
1159 3390 1210 3478 ad
1240 3383 1474 3499 superficiem
1509 3386 1625 3502 usque
1657 3391 1817 3502 liquoris

424 3502 754 3615 (riplterunum
775 3499 826 3586 ed
855 3495 1175 3588 effervescendum
1195 3527 1394 3612 aptorum,
1423 3505 1487 3596 yel
1507 3530 1732 3616 utrumque,
1773 3503 1818 3607 stt
1988 3571 1991 3575 .

423 3645 576 3728 corpus
599 3615 826 3730 liquidum)
851 3611 1041 3713 ascendit,
1069 3617 1136 3700 uhi
1164 3611 1353 3728 spumam,
1385 3621 1538 3732 qualem
1571 3622 1612 3712 in
1635 3647 1734 3731 aqua
1760 3615 1814 3710 sa÷

422 3735 551 3847 ponis
583 3732 773 3842 particulis
804 3726 962 3816 saturata
999 3731 1324 3843 vehementerque
1356 3731 1521 3844 quallata
1549 3730 1811 3845 conspicimus,
1890 3752 1898 3762 ’

423 3849 599 3937 excitate
632 3848 720 3930 hinc
738 3849 875 3930 mirum
899 3875 980 3930 non
1003 3849 1056 3936 est
1068 3905 1082 3943 ,
1113 3846 1222 3958 quod
1245 3847 1300 3931 ob
1321 3859 1450 3930 a'e'rem
1469 3845 1595 3940 subito
1614 3844 1651 3931 se
1671 3875 1813 3958 expanae

422 3965 622 4060 dentem,
653 3967 733 4046 &e
752 3963 942 4074 particulis
963 3961 1144 4046 exeundo
1176 3963 1243 4045 has
1269 3962 1319 4050 ad
1354 3965 1522 4049 invicem
1550 3963 1812 4078 allidentem,

419 4073 603 4170 intensus
623 4103 899 4202 nonnunquam
917 4077 1148 4202 producatur
1172 4077 1302 4180 calor,
1332 4107 1401 4194 per
1421 4080 1515 4208 hyp·
1542 4110 1580 4198 5.

1061 4307 1108 4406 X
1135 4305 1167 4406 l.

489 4541 635 4632 Ethaec
652 4545 850 4657 generalia
867 4544 1119 4656 phenomena
1138 4537 1536 4634 eommunlasuntferc
1554 4543 1733 4629 omnihus
1750 4538 1819 4630 fif.

418 4657 723 4758 fervescentiis,
754 4687 921 4774 quorum
932 4655 1055 4748 causm
1077 4691 1124 4747 ex
1143 4662 1200 4744 his
1211 4659 1485 4774 hypothesibus
1503 4661 1671 4750 brevitet
1684 4666 1747 4759 δε,
1777 4661 1819 4743 ni

414 4775 573 4874 sanor,
602 4771 687 4860 satis
716 4771 908 4889 perspicue
943 4805 1006 4880 me
1044 4773 1240 4888 expliralle
1285 4774 1478 4861 confido:
1510 4779 1663 4889 interim
1692 4777 1820 4862 obiter

415 4893 745 4992 advertendum,
776 4888 885 5005 quod
898 4888 1181 5004 Chymicorum
1202 4891 1353 4980 acidun
1373 4894 1469 4976 nihil
1486 4892 1591 4980 aliud
1610 4892 1675 4993 fit,
1702 4918 1820 5004 quam

234 5073 235 5076 κ
410 5009 469 5119 ld
491 5007 611 5128 quorl
624 5035 701 5128 ego
723 5021 978 5134 yocncotplu
1002 5037 1133 5132 egents
1150 5009 1396 5124 ¹illorumque
1418 5005 1711 5100 alcallmihisub
1732 5035 1819 5091 cor.

1706 5123 1813 5238 poris
