5500 6884
596 750 1589 867 cAror‘t'arco-morrulca
1721 813 1806 896 371

402 923 726 1043 explicationem,
757 926 798 1013 in
824 921 893 1015 suo
914 928 1143 1017 limatislirno
1156 928 1352 1019 Ttadatu
1373 935 1636 1040 De-ermine,
1667 957 1719 1025 ex
1733 972 1804 1027 na.

403 1073 489 1133 tuta
517 1043 781 1131 aurdulationis
808 1049 996 1159 petitamr
1028 1075 1105 1163 qua
1139 1051 1208 1133 vix
1236 1054 1445 1165 quicquam
1478 1054 1687 1158 curiofius‚‘
1712 1086 1804 1145 acu-

404 1159 526 1269 tiusve
558 1163 769 1275 excogitari
799 1161 1014 1276 potuisset:
1046 1193 1118 1251 nec
1143 1190 1274 1252 tamen
1301 1175 1342 1251 dc
1364 1170 1445 1269 hac
1478 1171 1529 1255 ad
1554 1162 1722 1285 palatrun
1748 1178 1804 1261 est

404 1308 573 1379 eorum,
606 1280 675 1393 qui
699 1281 831 1365 lumen
850 1282 890 1365 in
917 1282 1066 1366 instanti
1092 1286 1294 1397 propagari
1321 1284 1579 1395 contendunt.
1622 1286 1806 1377 Aliarum

403 1394 656 1512 quantmdam
686 1397 962 1509 probationum
994 1402 1235 1500 tentamina,
1266 1426 1402 1513 praeter
1426 1405 1506 1511 jam
1527 1405 1675 1505 allata,
1709 1408 1807 1495 vide

397 1516 445 1602 in
474 1508 558 1599 Du
585 1508 811 1601 CHALEs
842 1510 1286 1602 Munda-Mathematico
1308 1514 1436 1607 Tom.
1455 1554 1493 1606 2.
1510 1550 1599 1637 pag.
1615 1540 1709 1633 536,
1721 1518 1804 1638 seq·

403 1636 445 1717 dc
474 1658 562 1745 pag.
583 1648 694 1738 6173
726 1654 767 1714 at
781 1630 898 1721 valde
918 1637 1050 1719 coam
1073 1628 1188 1719 sunt:
1220 1632 1401 1723 videntur
1423 1640 1528 1723 enim
1550 1643 1664 1726 amice
1678 1669 1801 1753 expe·

401 1748 548 1851 rientiae
569 1747 863 1833 accommodata
886 1747 984 1843 elk3
1017 1753 1072 1835 ita
1099 1776 1144 1835 ut
1173 1750 1200 1835 s1
1230 1750 1282 1836 de
1309 1780 1356 1839 ea
1384 1756 1559 1841 nondum
1583 1761 1804 1859 constaret,¹

401 1867 543 1979 pariter
563 1865 770 1950 nihil-certi
789 1896 841 1952 ex
860 1842 935 1951 illis
957 1895 981 1951 a
1003 1870 1122 1980 priori
1145 1868 1379 1957 concludere
1402 1872 1549 1957 liceret.
1591 1872 1801 1983 Qraptunr

400 1980 453 2065 ad
477 1974 886 2083 Roueuvaaau
908 1984 1071 2069 modum
1089 1984 1356 2069 resradionem
1375 1989 1618 2099 explicandi,
1649 1994 1718 2104 qui
1733 1990 1803 2074 ha·

398 2097 515 2181 betur
540 2102 580 2181 in
608 2094 784 2209 Operibus
805 2095 1087 2197 Mathematicri
1115 2100 1162 2195 ἀ
1190 2099 1341 2215 Pbfflcic
1356 2102 1537 2189 Academ.
1552 2106 1668 2216 Regu
1679 2106 1798 2191 Scien-

293 2216 299 2221 '
399 2224 535 2297 riarum
558 2242 646 2327 pag.
663 2245 747 2323 74,
777 2214 1007 2326 rejiciendus
1029 2220 1083 2303 est
1102 2220 1288 2317 omnino,
1315 2242 1452 2331 utpote
1468 2222 1509 2303 in
1527 2216 1647 2333 ipsum
1664 2218 1800 2334 Diop-
1980 2252 1988 2263 ·

395 2333 514 2417 erices
542 2332 772 2443 principium
797 2361 995 2446 peccans-3
1027 2362 1077 2420 ex
1103 2362 1155 2419 eo
1183 2336 1289 2421 enim
1309 2328 1562 2449 sequeretur,
1592 2366 1675 2444 non
1698 2338 1800 2424 finus

399 2448 627 2561 angulorum
655 2448 872 2537 incidentiae
904 2457 945 2535 dt
972 2448 1243 2551 telamonis,
1275 2480 1463 2537 eorumve
1487 2457 1799 2567 complemento-

400 2594 485 2653 rum
505 2558 700 2665 secantes,
729 2560 797 2650 sed
821 2568 961 2653 horum
982 2592 1184 2682 tangentes
1216 2564 1290 2654 esse
1314 2570 1355 2653 in
1386 2569 1587 2655 constante
1612 2574 1800 2673 ratione3

398 2706 535 2775 contra
561 2682 835 2795 experientiam
857 2718 867 2767 ε
900 2684 1003 2769 unde
1023 2684 1131 2769 srmul
1153 2707 1284 2797 patet,
1310 2710 1428 2799 quam
1440 2682 1642 2773 infeliciter
1659 2682 1817 2771 admo·'

395 2797 492 2885 durn
518 2798 591 2885 hac
619 2801 662 2884 in
688 2824 797 2915 parte
827 2795 1182 2893 CARTest
1212 2798 1362 2891 ibidem
1383 2797 1456 2887 suae
1480 2799 1644 2890 censrrrar
1671 2800 1801 2915 subje-

395 2938 506 3001 cerat.
647 2932 650 2939 ’

458 3029 605 3123 Nullus
628 3034 760 3149 itaque
779 3034 932 3134 extitit,
964 3056 1150 3149 quantum
1173 3030 1282 3136 scio,
1313 3037 1383 3149 qui
1402 3061 1536 3148 puram
1557 3032 1709 3121 dederit
1727 3033 1799 3121 de·
1976 3136 1986 3148 „

399 3152 739 3250 monstrationem,
772 3150 919 3251 idest,
951 3154 1069 3237 talem
1122 3180 1178 3237 uae
1201 3180 1308 3237 mere
1326 3151 1544 3267 apodictica
1573 3153 1651 3253 srt,
1679 3153 1797 3237 nulli·

398 3296 477 3379 que
501 3291 612 3352 certae
643 3267 874 3380 hypothesr,
900 3297 983 3382 quar
1016 3294 1059 3353 ca
1099 3296 1162 3353 am
1193 3268 1387 3382 quandam
1413 3268 1603 3371 finalem,-
1631 3270 1697 3354 vel
1738 3296 1797 3353 ra·
1897 3322 1901 3330 ·

395 3382 553 3489 diorum
579 3408 753 3485 neotum,
785 3385 863 3469 srve
886 3386 1185 3484 instantaneum,
1217 3384 1295 3471 srve
1318 3378 1559 3470 succeffivurn
1579 3378 1798 3498 prasuppo·

398 3526 494 3601 nat,
526 3502 703 3617 alligarat
735 3500 916 3616 adeoque
942 3530 1029 3618 quae
1054 3504 1149 3613 nulli
1177 3530 1228 3587 ex
1257 3501 1450 3587 recensuis
1477 3501 1797 3610 objectionibus,

399 3613 555 3732 aliisque
576 3644 712 3703 ¹contra
735 3618 832 3703 hanc
859 3620 1016 3703 illamve
1037 3612 1231 3731 hucusque
1245 3620 1395 3719 motis,
1426 3617 1471 3701 stt
1494 3619 1697 3708 obnoxias
1729 3613 1797 3702 sed

397 3737 529 3846 potius
559 3762 642 3849 quae
671 3737 711 3819 in
740 3736 924 3821 abnauo
953 3735 1149 3851 propofita
1188 3730 1334 3847 semper
1362 3736 1524 3833 valeat,
1553 3760 1796 3845 quecunque

397 3850 555 3939 demum
575 3852 801 3963 hypothefis
827 3866 942 3954 vera,
972 3854 1039 3937 vel
1059 3851 1394 3964 deprehendatur,
1426 3852 1491 3933 vel
1512 3850 1704 3952 statuatur.

455 3962 696 4076 Huiusmodi
712 3968 878 4162 guidem
901 3998 973 4079 pro
995 3968 1224 4081 refrasiione
1246 3966 1336 4051 dare
1359 3989 1518 4051 conatus
1542 3966 1596 4049 est
1618 3960 1795 4051 HERI-

397 4104 611 4171 GONIUS
634 4084 687 4165 -in
729 4086 791 4164 uo'
812 4084 931 4187 Curſsa
959 4082 1230 4169 Mathematico
1258 4080 1385 4170 Tom.
1416 4114 1452 4181 5.
1476 4110 1562 4195 pag.
1587 4112 1662 4191 132
1696 4080 1794 4167 edit.

397 4194 510 4285 Paris.
539 4194 624 4281 usus
642 4198 831 4308 principio
850 4200 1051 4307 planorum
1073 4204 1365 4301 inclinatorum,
1394 4201 1536 4314 quibus
1554 4198 1795 4311 comparavit

396 4318 526 4401 radios
546 4312 709 4425 oblique
730 4310 957 4398 incidentes.
1017 4310 1079 4401 At
1107 4347 1204 4402 vero
1229 4320 1374 4403 excidit
1392 4318 1510 4402 ausas:
1541 4340 1795 4427 preterquam

397 4438 501 4519 enirn
511 4429 621 4546 quod
638 4459 685 4514 ex
698 4425 762 4514 sua
771 4429 1113 4534 demonstratione,
1137 4462 1246 4547 aeque
1265 4462 1366 4519 acer
1382 4434 1598 4539 Cmesuna,
1628 4444 1794 4542 [quam-

396 4576 514 4663 quam
551 4544 628 4661 ipse
660 4550 892 4632 contrarium
922 4547 1085 4647 dicat,]
1126 4576 1273 4661 aperte·
1289 4546 1546 4660 sequeretur,
1582 4547 1711 4633 radios
1744 4576 1795 4631 ert

395 4666 532 4750 medio
553 4668 685 4750 rariori
705 4668 744 4747 in
762 4665 916 4750 densrus
938 4666 1195 4778 ingredientes
1216 4665 1369 4777 refringi
1396 4665 1541 4750 debere
1572 4676 1603 4767 a]
1620 4692 1794 4801 -perpena

394 4780 580 4889 diculari,
613 4789 653 4865 dr
685 4807 818 4865 contra
851 4782 901 4866 ad
931 4784 1283 4895 perpendicularem
1297 4802 1317 4881 ,⁴
1343 4782 1370 4865 sr
1399 4810 1448 4867 ex
1475 4778 1640 4867 denfion
1668 4783 1706 4863 in
1729 4793 1796 4865 rai.

393 4900 499 4991 aiusr
532 4898 649 4987 etiam
667 4900 900 5013 postulatum
924 4902 1088 5016 aliquod¹
1107 4896 1285 5110 assumpt,
1317 4898 1429 5013 quod
1442 4899 1649 5007 ,modeste
1670 4892 1795 5097 ipsqu

515 5084 519 5092 „
1264 5043 1326 5104 aa
1385 5051 1409 5120 a
1734 5039 1758 5099 e
