5500 6884
500 1030 581 1125 tu.
600 1012 806 1113 >optut
824 1009 1092 1122 neronum
1102 972 1394 1103 mount-nr.
1418 1016 1765 1141 ruoromro
1789 972 1869 1127 157'

471 1210 561 1296 pag.
596 1197 705 1281 269,
737 1175 764 1228 ⁴*
792 1176 864 1261 ubi
889 1176 967 1261 tale
1003 1159 1213 1264 Problema
1248 1174 1466 1294 proposui,
1496 1183 1602 1289 eujus
1636 1182 1870 1285 utilitatem,
1906 1204 1910 1209 ·

473 1326 563 1385 etun
580 1294 831 1406 iucunditate
854 1297 1124 1401 conjunctam,
1148 1296 1342 1383 videbunt
1377 1325 1549 1399 omnes,
1578 1300 1646 1413 qui
1673 1328 1761 1385 cum
1789 1296 1870 1387 suc-

472 1414 573 1503 ceffu
595 1418 632 1501 ei
659 1408 697 1500 se
721 1411 983 1617 applicabunt.
1045 1410 1122 1499 Sex
1144 1413 1329 1501 mensium
1353 1410 1514 1529 spatium
1542 1442 1566 1501 a
1596 1420 1717 1531 prima
1742 1418 1870 1531 publi-

472 1534 636 1619 cationis
661 1530 726 1615 die
816 1531 976 1614 ometris
999 1528 1216 1617 concessum
1238 1536 1315 1633 eli,
1337 1536 1440 1619 intra
1469 1533 1600 1649 quod,
1626 1534 1651 1619 st
1679 1536 1783 1620 nulla
1809 1530 1868 1621 so·

472 1652 572 1737 lutio
595 1646 771 1762 prodiret
797 1651 838 1731 in
864 1646 1018 1747 lucem,
1045 1678 1111 1735 me
1136 1675 1262 1734 meam
1289 1650 1549 1739 exhibiturum
1574 1651 1741 1766 promifi.
1790 1648 1870 1739 Sed

473 1796 565 1855 ecce
593 1758 739 1878 elapsus
765 1765 820 1851 est
850 1767 1057 1866 terminus,
1086 1771 1127 1851 &
1157 1768 1253 1851 nihil
1286 1762 1487 1855 solutionis
1518 1772 1766 1884 comparuitr
1802 1770 1871 1857 nist

475 1878 758 2001 quod-Celeb.
786 1875 1153 1985 LeluNITIUS,
1175 1884 1225 1976 de
1249 1884 1502 1999 profundiore
1525 1884 1755 1977 Geometria
1776 1916 1873 2001 prat-

475 2005 575 2088 elare
610 2003 790 2100 meritus,
820 2028 884 2083 me
911 2028 980 2112 per
1005 2000 1131 2089 literas
1159 2004 1364 2089 certiorem
1392 2004 1548 2107 fecerit,
1579 2000 1718 2117 sejam
1749 2006 1873 2091 felici·

474 2146 534 2207 ter
559 2114 760 2219 dissolvisse
786 2114 935 2202 nodum
964 2118 1209 2229 pulcherrimi
1235 2120 1374 2229 hujus,
1403 2124 1459 2207 uri
1482 2123 1674 2224 vocabat,
1702 2132 1740 2209 δι
1765 2124 1871 2208 inau-

477 2238 549 2323 diti
574 2260 687 2323 antea
712 2231 990 2325 Problematitr
1014 2235 1241 2352 infirnulque
1260 2238 1478 2326 humaniter
1495 2246 1672 2353 rogavit,
1696 2266 1740 2327 ut
1763 2235 1872 2354 pras-

478 2358 636 2439 titutum
671 2354 835 2438 limitem
868 2351 920 2435 ad
958 2356 1180 2464 proximum
1208 2348 1350 2441 Pascha
1376 2356 1536 2444 extendi
1572 2382 1753 2469 paterer;
1789 2386 1873 2473 quo

477 2474 623 2559 interea
648 2470 753 2584 apud
780 2465 941 2569 Gallos,
971 2464 1198 2588 italosque,
1232 2472 1340 2559 idem
1365 2474 1463 2559 illud
1496 2476 1683 2587 publicari
1715 2472 1871 2590 pollet,

478 2584 676 2701 nullusque
696 2586 800 2673 adeo
827 2581 1026 2699 superesset
1051 2592 1161 2675 locut
1187 2591 1256 2675 ulli
1281 2588 1334 2677 de
1359 2595 1529 2707 angustia
1555 2596 1710 2678 termini
1734 2622 1873 2707 quere-

478 2709 535 2792 lat.
597 2702 733 2816 Quam
765 2706 964 2821 honestam
989 2708 1221 2819 petitionem
1251 2735 1335 2793 non
1356 2704 1481 2795 solum
1508 2708 1679 2811 indulfi,
1703 2705 1769 2794 sed
1795 2703 1872 2821 ipse

479 2826 575 2909 hanc
597 2822 915 2938 prorogationem
936 2826 1181 2939 promulgare
1206 2826 1384 2919 decrevit
1406 2823 1550 2913 visurus
1569 2850 1663 2913 num
1685 2828 1754 2941 qui
1775 2824 1873 2925 lint,

479 2944 548 3056 qui
568 2942 743 3027 nobilem
769 2943 869 3025 hanc
895 2945 936 3024 δι
958 2942 1116 3029 arduam
1145 2946 1393 3058 quaestionem
1420 2940 1643 3061 aggressuri,
1670 2944 1758 3059 post
1786 2944 1874 3029 lon-

479 3087 575 3173 gum
597 3061 781 3170 temporis
801 3060 1070 3163 intervallum,
1099 3059 1256 3147 tandem
1282 3057 1543 3149 Enodationis
1569 3084 1774 3175 compotes
1802 3058 1874 3143 fie-

479 3198 580 3262 rent.
639 3170 794 3260 Illorum
825 3176 980 3283 interim
1010 3179 1053 3261 in
1090 3180 1282 3289 gratiam,
1316 3178 1369 3263 ad
1408 3208 1575 3293 quorum
1608 3206 1743 3263 manua
1772 3172 1887 3263 Aera-

481 3292 668 3406 Lipficnfie
695 3320 776 3377 non
804 3294 1059 3405 perveniunt,
1082 3292 1391 3405 propofitionem
1415 3292 1480 3379 hic
1497 3318 1648 3407 repeto.

655 3448 1696 3666 PROBLEMA

545 3776 1816 3889 MECHANICO-GEOMETRICUM
1952 3874 1976 3885 .,

737 4035 820 4135 De
859 4025 1019 4135 Linea
1055 4025 1306 4141 celerrimi
1348 4026 1617 4165 descensus.

370 4373 373 4379 ,
483 4276 736 4368 Dumium
764 4280 895 4359 Hirtam
923 4308 1077 4361 emam
1104 4282 1194 4363 deta
1221 4282 1292 4385 duo
1311 4282 1468 4394 puniit,
1494 4288 1535 4364 in
1563 4274 1710 4389 diverfis
1729 4272 1775 4359 ab
1794 4275 1891 4378 Hc?

540 4406 683 4481 rimu
714 4398 926 4503 distantiis,
958 4395 1005 4491 ἀ
1030 4428 1101 4479 non
1128 4408 1169 4483 in
1193 4402 1316 4480 eadem
1346 4404 1442 4483 retia
1467 4400 1634 4481 vertimi
1651 4396 1765 4511 prfitae
1795 4428 1875 4480 con-

541 4522 754 4613 necienrem,
772 4514 883 4627 super
908 4543 982 4627 qna
1011 4514 1168 4617 mobile,
1191 4527 1340 4629 proprie
1368 4526 1560 4629 graevime
1588 4518 1799 4615 decem,
1831 4513 1878 4607 ἀ

543 4661 568 4713 a
584 4632 759 4743 strperiorr'
776 4638 907 4743 pantio
931 4642 1070 4717 moveri
1097 4644 1290 4747 incipiens,
1321 4638 1478 4754 ciriffime
1500 4635 1683 4745 descendet
1703 4636 1875 4742 adpunc-
1917 4694 1918 4699 a

511 4824 517 4835 ,
544 4774 624 4833 rum
651 4751 813 4859 inferius.

566 4957 686 5053 Ensus
713 4963 972 5053 Problematis
1000 4967 1065 5054 hic
1100 4971 1189 5058 est:
1225 4958 1288 5059 Ex
1321 4966 1478 5054 infinitis
1507 4966 1652 5073 lineis,
1684 4992 1769 5084 quat
1797 4965 1881 5054 duo

549 5086 638 5169 ,illa
664 5084 756 5169 data
781 5089 922 5197 puniit
944 5091 1210 5209 conjungunt,
1240 5090 1310 5183 tel
1329 5089 1380 5174 ab
1407 5114 1489 5177 uno
1517 5084 1882 5284 ad-alterumffduci

1705 5230 1760 5319 po
1789 5226 1878 5299 unt,

575 5346 598 5396 '⁸
612 5356 708 5440 Supra
721 5356 776 5426 N0.
796 5355 899 5432 XXX.
915 5375 981 5439 m.
1001 5362 1057 5427 ru.
