5500 6884
289 925 299 938 ,
481 864 1813 981 ruzi.noraramaormumraormmar251
1937 801 1943 814 ’

421 1065 585 1148 tremam
615 1042 891 1156 proprietatem
920 1041 1116 1128 constituit
1144 1041 1256 1152 hujus
1284 1040 1336 1126 ab
1366 1041 1475 1125 omni
1505 1043 1732 1157 antiquitate
1746 1039 1814 1128 de-

364 1223 369 1232 1
419 1159 675 1245 tantatirhmae
704 1186 860 1259 curvae,
889 1160 1016 1271 placet
1045 1160 1108 1243 hic
1136 1159 1286 1272 ple‘nius
1316 1186 1522 1269 exponere.

481 1275 575 1364 Esto
607 1281 624 1374 l
634 1277 718 1387 Fig.
746 1274 811 1384 1.)
840 1270 928 1361 AB
959 1273 1148 1362 Parabola
1178 1277 1420 1374 communis,
1451 1305 1500 1362 ex
1529 1271 1990 1390 &gaurum-'Mun

421 1397 533 1480 malis
561 1389 626 1478 ΒΙ
654 1389 781 1479 secans
810 1419 922 1478 axem
950 1387 1024 1477 Al
1047 1396 1087 1476 in
1113 1388 1156 1483 lt
1188 1398 1229 1476 δι
1257 1389 1339 1479 IM
1367 1395 1549 1476 normalis
1568 1393 1619 1475 ad
1639 1389 1724 1493 ΒΙ,
1746 1377 1875 1524 oc-f}
1895 1375 1928 1518 ξ·

425 1539 579 1596 currens
604 1511 794 1596 diametro
823 1503 924 1596 ΒΜ
946 1511 986 1592 in
1015 1505 1094 1596 M:
1125 1503 1312 1595 resecetur
1333 1505 1353 1592 Ι
1360 1507 1483 1596 K=
1505 1505 1737 1595 subnormali
1753 1508 1818 1598 seu
1849 1475 1885 1538 ἐ’
1921 1496 1933 1520 ’

398 1623 744 1740 [semiparametro.
801 1621 1008 1739 Descripta
1045 1629 1124 1736 jam
1154 1623 1345 1713 Parabola
1375 1627 1819 1740 tubiro-biquadratica

423 1787 544 1892 AG,
574 1795 682 1901 cujus
708 1816 923 1906 parameter
951 1790 1076 1877 fit:
1087 1821 1108 1902 3
1122 1765 1402 1947 {ff-parametri
1416 1790 1614 1879 Parabolae
1629 1789 1741 1895 AB,
1759 1789 1827 1880 su·-

424 1983 549 2041 matur
578 1951 729 2042 abscilla
757 1953 862 2043 AH
873 2001 942 2039 .-.—.
963 1958 1084 2042 tertia
1120 1959 1402 2071 proportionali
1441 1959 1493 2043 ad
1535 1981 1788 2071 parametrum
1803 1975 1822 2057 ‚'

422 2067 491 2157 seu
525 2073 576 2156 ad
604 2072 761 2186 duplam
790 2071 862 2159 lK
892 2079 933 2158 dt
965 2072 1017 2158 ad
1045 2069 1134 2160 ΒΚ
1150 2134 1165 2174 ,
1206 2077 1495 2188 appliceturque
1534 2073 1646 2174 HG.
1707 2069 1820 2158 Dico

425 2215 581 2273 curvam
619 2187 757 2278 GAB
788 2189 1040 2304 conrpofitam
1074 2219 1124 2276 ex
1181 2193 1399 2276 ortionibus
1430 2193 1660 2306 parabolicis
1694 2185 1739 2276 A
1752 2187 1817 2290 G,

425 2300 514 2392 AB
540 2304 614 2392 elle
643 2310 829 2422 aequalem
858 2311 970 2393 lineae
991 2302 1140 2392 reeael
1205 2369 1216 2392 .

483 2421 526 2513 Si
554 2425 634 2507 hac
658 2452 775 2536 pono
798 2423 1042 2510 conferantur
1067 2443 1160 2507 'cum
1191 2425 1265 2525 iis,
1295 2453 1381 2538 quae
1412 2423 1554 2537 primus
1586 2427 1717 2511 inveni
1745 2451 1818 2538 pro

427 2532 595 2625 senione
624 2568 780 2624 arcuum
809 2542 1119 2655 parabolicorum
1139 2542 1179 2623 in
1201 2540 1292 2625 data
1316 2544 1490 2640 tatione,
1510 2571 1672 2656 quaeque
1694 2545 1734 2626 in
1751 2573 1818 2624 nu-

418 2680 504 2767 pero
531 2655 640 2752 ,lunia
663 2658 691 2708 ὓ
719 2657 824 2756 edita
852 2659 1042 2743 habentur
1053 2717 1068 2758 ‚
1098 2657 1168 2742 ubi
1197 2655 1304 2742 simul
1326 2661 1435 2743 innui
1458 2657 1509 2742 ad
1527 2687 1655 2743 arcum
1683 2687 1822 2772 quem·

425 2774 484 2856 vir
514 2773 649 2857 datum
682 2771 880 2860 Parabolae
911 2776 1127 2860 communis
1160 2775 1325 2861 inveniri
1354 2771 1496 2889 polle,
1528 2805 1606 2889 ope
1641 2773 1820 2862 methodi

423 2918 545 2988 meae,
572 2891 692 2974 aliurn
710 2921 839 2977 arcum
864 2894 906 2975 in
931 2891 1070 2977 eadem
1095 2885 1315 2992 Parabola,
1346 2896 1468 2975 itaut
1497 2891 1626 2976 datarn
1653 2893 1822 2974 habeant

420 3004 680 3095 differentiam
715 3006 1031 3093 redificabilem:
1067 3009 1266 3119 apparebit
1296 3005 1408 3092 facile
1439 3009 1538 3090 ratio
1572 3003 1822 3119 comparandi

421 3151 587 3236 quoque
607 3151 737 3208 arcum
757 3119 956 3210 Parabolae
984 3122 1150 3206 cubico·
1164 3121 1437 3236 biquadraticae
1466 3117 1591 3223 AG,
1616 3151 1704 3208 cum
1731 3147 1823 3207 arcu

424 3240 492 3323 vel
521 3240 681 3325 arcubus
717 3235 945 3356 quibusdam
983 3235 1181 3326 Parabolae
1212 3240 1442 3324 communis.
1504 3237 1628 3342 Unde
1672 3263 1824 3324 novum

422 3381 598 3470 emerget
624 3359 850 3457 inventum,
881 3387 973 3442 meo
997 3354 1145 3464 judicio
1174 3354 1279 3439 haud
1312 3383 1390 3470 qua
1420 3383 1507 3438 uam
1541 3352 1795 3468 spernendum
1807 3373 1825 3454 ‚¹

425 3472 537 3586 quod
575 3471 698 3559 facem
734 3474 963 3560 accenderet
997 3471 1182 3586 insignem
1216 3469 1267 3556 ad
1294 3383 1584 3557 menArandam
1623 3469 1825 3558 Parabolae

426 3589 710 3701 longitudinem
732 3620 801 3703 per
829 3617 951 3676 meras
972 3593 1091 3673 retus
1116 3589 1259 3688 lineas,
1290 3587 1318 3672 st
1347 3587 1473 3673 modo
1496 3588 1538 3672 id
1566 3587 1741 3702 poffibile
1766 3581 1823 3673 es-

424 3699 506 3790 set:
537 3701 723 3818 perspicio
781 3709 897 3820 uippe
921 3733 1051 3790 arcum
1083 3699 1202 3804 AG,
1230 3732 1319 3787 cum
1350 3707 1484 3818 aliquo
1511 3732 1600 3788 arcu
1622 3705 1689 3790 vel
1712 3731 1821 3787 arcu-

424 3821 499 3908 bus
529 3818 725 3908 Parabolar
797 3821 859 3924 B,
888 3817 994 3936 polle
1014 3822 1157 3905 habere
1180 3822 1370 3904 rationem
1400 3819 1666 3930 algebraicam.
1727 3817 1819 3927 Jam

423 3966 524 4023 vero
554 3940 691 4052 aliquis
720 3940 1033 4052 operaepretium
1061 3961 1214 4052 ageret,
1241 3935 1268 4019 st
1299 3935 1518 4021 ostenderet
1541 3963 1668 4020 arcum
1698 3926 1794 4021 AG
1801 3953 1820 4034 ‚'

424 4079 508 4142 uon
529 4083 617 4138 cum
643 4058 776 4169 aliquo
799 4081 949 4140 tantum
961 4115 975 4155 ,
999 4049 1065 4140 sed
1089 4083 1179 4138 cum
1206 4047 1289 4165 ipso
1316 4080 1404 4137 arcu
1429 4046 1548 4152 AB,
1577 4051 1820 4164 comparabi-

426 4172 506 4258 lem
535 4168 643 4256 effe:
675 4174 837 4258 haberet
864 4171 1040 4284 profeo‘to
1073 4167 1388 4255 redificationem
1417 4163 1559 4253 Curvae
1591 4171 1822 4284 parabolicae

426 4295 469 4373 de
497 4287 765 4402 quadraturam
793 4285 1040 4400 Hyperbolae
1066 4285 1216 4371 dudum
1239 4282 1370 4369 frustra
1393 4285 1608 4400 quaefitamr
1642 4284 1823 4368 dividen-

423 4403 479 4490 da
504 4409 607 4489 enim
637 4431 729 4490 tunc
754 4403 1049 4489 tantumadhuc
1072 4399 1176 4486 foret
1197 4406 1297 4488 retia
1316 4397 1336 4485 I
1343 4397 1399 4487 M
1425 4403 1465 4484 in
1479 4405 1628 4486 ratione
1647 4403 1819 4491 invemat

428 4517 636 4634 divilaque
662 4524 751 4605 hinc
774 4551 851 4608 una
879 4549 963 4634 pars
987 4520 1090 4604 arcui
1119 4512 1242 4619 AG,
1265 4519 1383 4604 altera
1407 4521 1511 4600 arcui
1538 4515 1624 4603 AB
1652 4545 1823 4630 aquare·

427 4661 503 4724 tur.
564 4635 643 4724 Sed
671 4638 714 4722 id
735 4634 855 4750 ipsum
882 4633 992 4752 quod
1021 4634 1258 4750 quadratura
1281 4631 1526 4747 Hyperbolae
1546 4631 1824 4745 impolsrbilitas

427 4783 502 4869 pro
525 4753 782 4840 demonstrata
808 4753 888 4841 fere
912 4753 1124 4852 habeatur,
1148 4753 1331 4836 invidtum
1362 4753 1416 4832 est
1445 4775 1733 4862 argumentum,
1764 4779 1824 4836 ar·
1882 4749 1887 4760 ’

426 4875 498 4978 tus
526 4869 723 4958 Parabolte
763 4867 1213 4988 cubico-biquadraticae
1244 4895 1333 4950 cum
1368 4863 1595 4985 quibusdam
1627 4867 1824 4966 arcubus,·
1994 4957 1999 4964 ,

1214 4979 1257 5070 li
1317 5017 1341 5075 a
1738 5007 1822 5068 non

461 5133 465 5142 ¹
516 5103 535 5141 ⁸
554 5103 606 5168 N‘.
629 5102 751 5181 pteoed.
