5500 6884
681 791 795 883 DE
860 792 1480 923 NUTRJTIONE
1704 813 1788 914 a„

401 992 486 1054 rum
522 959 757 1060 tertiarum,
790 961 832 1044 id
873 963 927 1044 est
948 974 993 1070 ξ,
1025 960 1203 1046 oslendet
1231 959 1421 1046 residutun
1451 959 1592 1047 veteris
1624 963 1790 1052 materia
1853 1011 1856 1014 ·

402 1087 489 1197 post
518 1075 662 1192 lapsum
690 1077 856 1162 triennii.
919 1072 971 1162 Et
1002 1077 1051 1161 fic
1089 1078 1271 1190 deinceps
1298 1107 1370 1190 pro
1400 1082 1540 1190 quovis
1576 1105 1790 1171 annuorum

403 1227 565 1283 numero
597 1196 781 1279 calculare
808 1196 935 1293 licet,
973 1188 1158 1280 sumendo
1195 1217 1345 1278 tantum
1381 1193 1475 1278 duas
1511 1197 1640 1281 tertias
1665 1219 1791 1311 partes
1831 1189 1838 1202 ⁶

402 1315 596 1399 sallionis
633 1335 790 1423 reperta
831 1338 907 1420 pro
947 1336 1051 1396 anno
1091 1314 1269 1421 proxime·
1306 1314 1565 1423 praecedenti:
1607 1317 1717 1426 quod
1750 1321 1792 1406 in
1832 1352 1840 1368 ·

402 1426 716 1542 subsequentibus
745 1426 796 1510 ad
825 1449 972 1509 tantam
1001 1428 1127 1514 tendit
1156 1429 1490 1525 diminutionem,
1535 1453 1577 1512 ut
1606 1432 1692 1540 post
1721 1433 1794 1517 de-

403 1550 583 1632 cennium
624 1546 751 1629 noster
798 1537 1022 1629 lacertosus
1070 1544 1232 1628 uixdum
1272 1544 1621 1659 quinquagesimam
1665 1545 1793 1634 adhuc

403 1686 552 1777 partem
582 1655 636 1745 sui
665 1661 860 1771 corporis,
894 1660 1006 1773 quod
1037 1689 1138 1745 nunc
1168 1659 1309 1759 habet,
1339 1661 1385 1747 sit
1404 1685 1616 1747 retentiuus
1628 1723 1641 1764 ,
1656 1691 1792 1776 quam·

401 1784 462 1862 vis
492 1779 646 1862 interim
675 1778 799 1861 moles
830 1775 969 1860 residui
998 1775 1270 1861 &adventitii
1300 1778 1491 1863 collectim
1520 1781 1664 1892 aquale,
1693 1777 1791 1866 sein·⁴
1840 1787 1858 1795 ”

403 1924 472 2007 per
501 1894 667 2007 pondus·
683 1891 872 2004 adaequet.
932 1888 1160 1978 Immediate
1187 1892 1372 2007 quoque,
1402 1922 1454 1980 ex
1484 1895 1674 1980 methodo
1703 1891 1791 1982 nos·

403 2037 461 2096 tra
489 2039 557 2124 per
586 2005 885 2122 logatithinos,¹
915 2011 1081 2093 calculus
1110 2010 1268 2094 extendi
1295 2007 1419 2120 posset
1448 2009 1499 2094 ad
1537 2013 1694 2123 quotvis
1723 2041 1788 2098 an·

402 2156 498 2218 noss
530 2127 584 2211 ita
611 2128 717 2211 enim
745 2126 884 2236 paritet
914 2123 1149 2238 deprehendi
1172 2125 1521 2238 quinquagesinum
1543 2151 1790 2241 tantum‘patq

404 2268 486 2332 tem
514 2270 631 2364 quam
659 2244 836 2357 proxime
865 2237 1116 2331 remansuram
1146 2240 1246 2345 else,
1279 2243 1417 2331 decem
1448 2240 1579 2358 elapsis
1609 2247 1732 2335 airus

914 2535 917 2541 .
1021 2470 1166 2567 XIX.

459 2707 740 2798 subticendum
777 2713 951 2800 hicnon
981 2711 1070 2814 est,
1102 2710 1213 2827 quod
1241 2712 1282 2798 in
1313 2711 1461 2797 calculo
1491 2707 1675 2826 praemisso
1704 2707 1791 2825 supi

402 2825 637 2945 posuerimus
666 2830 847 2941 ubique3
887 2857 1032 2915 omnes-
1052 2852 1179 2943 partes
1208 2832 1380 2942 corporis
1411 2830 1566 2916 humani
1595 2831 1794 2944 aequabili·

400 2971 462 3032 ter
491 2953 532 3030 δι
561 2942 798 3030 uniformiter
827 2946 1026 3058 dissipari,
1057 2972 1280 3058 quanquam
1307 2969 1438 3032 tamen
1468 2971 1614 3032 cenum
1644 2945 1687 3029 sit
1717 2933 1792 3026 dis-

403 3063 628 3176 fipationem
657 3061 789 3150 ossium
818 3065 1022 3148 lentiorem
1054 3063 1178 3145 multo
1209 3058 1315 3160 esse,
1355 3086 1471 3173 quani
1500 3064 1664 3172 partium
1706 3057 1791 3150 flui-
1895 3103 1898 3114 ·
2046 3077 2051 3086 ’

403 3179 562 3278 darum,
593 3199 636 3259 ut
663 3170 873 3290 sangiunis,
903 3175 1098 3291 spirimum
1118 3178 1363 3281 animalium,
1394 3181 1477 3277 &o
1530 3171 1794 3260 Consideran-¹

402 3297 498 3380 dum
510 3321 607 3380 veto
624 3291 782 3392 damus,
813 3295 924 3408 quod
939 3321 1085 3391 carnes,
1114 3317 1333 3404 caeteraque
1362 3317 1488 3403 partes
1517 3293 1680 3390 molles,
1710 3303 1795 3386 mog

402 3413 511 3497 dium
535 3408 639 3523 quafi
656 3434 813 3495 teneant
833 3413 932 3498 inter
956 3411 1069 3496 duras
1095 3413 1136 3492 u
1162 3409 1318 3506 fluidas,
1346 3408 1400 3490 ita
1426 3423 1470 3492 ut
1492 3412 1640 3522 quanto
1661 3419 1795 3521 promi

403 3531 478 3612 tius
503 3554 620 3642 quam
646 3552 770 3640 partes
796 3527 933 3627 durat,
958 3551 1069 3611 tanto
1108 3525 1195 3610 vice
1227 3517 1333 3608 versa
1359 3524 1498 3609 lentius
1521 3553 1637 3640 quam
1668 3547 1795 3636 partes

403 3644 527 3729 flmdae
552 3639 840 3728 consumantur:
870 3644 975 3730 unde
1005 3666 1093 3726 nato
1120 3647 1160 3724 δι
1193 3640 1270 3724 sine
1297 3640 1462 3724 notabili
1489 3669 1617 3727 errore
1648 3639 1793 3752 fingere

403 3759 621 3875 possumus,
648 3787 693 3843 ac
718 3760 745 3843 sr
766 3785 895 3845 tontm
925 3786 1063 3868 corpus
1088 3753 1180 3842 esset
1212 3783 1289 3842 una
1316 3729 1499 3840 continua
1529 3783 1650 3848 curor
1679 3761 1719 3840 dr
1743 3751 1793 3836 sie

404 3878 552 3961 calculo
575 3877 704 3970 nostro
726 3870 790 3961 sua
811 3878 950 3962 iterum
971 3876 1161 3960 constabit
1182 3875 1367 3985 probitas.
1430 3868 1560 3980 Quod
1582 3871 1608 3954 fi
1628 3869 1713 3982 quis
1732 3891 1792 3954 ts·

391 4022 494 4080 men
517 3995 598 4076 hac
619 3990 799 4076 ciuiosius
823 3993 949 4076 rimati
970 3993 1113 4090 vellet,
1146 4019 1293 4103 ponere
1315 3984 1438 4099 poffet
1459 3985 1603 4072 certam
1628 3997 1795 4099 propos-J

403 4113 554 4196 tionem
579 4111 678 4192 inter
698 4106 872 4221 pondera
894 4109 1052 4218 triplicis
1073 4110 1175 4192 illius
1197 4103 1406 4190 substantiae
1433 4106 1553 4190 totius
1585 4104 1757 4216 corporis
1774 4119 1795 4202 ,'

403 4225 514 4311 olseae
531 4229 732 4325 nimirum,
764 4252 930 4322 carnea,
954 4229 996 4306 dc
1023 4223 1171 4321 fluida,
1194 4247 1236 4305 ut
1262 4227 1303 4304 dc
1331 4224 1430 4306 inter
1456 4222 1667 4306 celeritates
1694 4215 1791 4304 dilli-

402 4345 569 4458 pationis
592 4341 837 4455 fiiigulmums
865 4367 927 4424 ex.
951 4365 1006 4450 gr·
1031 4328 1255 4439 aestimemus
1276 4333 1457 4422 sceletum
1484 4333 1548 4424 seu
1577 4362 1700 4422 totam
1731 4323 1792 4415 os·
1925 4430 1928 4444 Ι

403 4460 498 4544 sium
525 4487 752 4571 compagem
777 4478 830 4544 60
856 4455 1059 4552 libratum,
1084 4450 1327 4538 substant-iam
1359 4455 1533 4538 omnium
1560 4453 1727 4536 cantium
1750 4445 1794 4533 &⁴
1837 4480 1841 4487 ·

403 4579 567 4689 partimn
600 4576 776 4658 mollium
813 4606 866 4683 70
897 4572 993 4670 lib,
1018 4567 1170 4654 massam
1202 4601 1301 4658 vero
1336 4565 1522 4680 sanguinis
1558 4567 1794 4678 &partium

404 4692 605 4775 fluidarum
635 4725 686 4776 20
715 4691 783 4773 lib.
818 4691 873 4773 ita
897 4690 1002 4776 enim
1027 4689 1199 4799 plerique
1233 4685 1462 4772 Anatomici
1493 4676 1671 4774 censenti
1699 4709 1790 4793 pso·

404 4830 513 4892 terea
542 4835 728 4918 ponamus
760 4804 891 4889 fluidas
918 4805 1039 4917 duplo
1067 4805 1255 4917 promtius
1286 4801 1447 4912 dissipari
1483 4826 1600 4914 quani
1629 4799 1793 4898 moilen·

404 4929 448 5032 ,ἃ
473 4925 612 5036 molles
637 4923 767 5037 decies
790 4925 980 5040 promtius
998 4950 1115 5040 quain
1141 4919 1276 5134 girus
1301 4919 1342 5008 id
1362 4921 1443 5034 est„
1466 4917 1609 5030 eudem
1639 4940 1794 5047 tenpo-

640 5076 652 5096 ·
1200 5066 1229 5132 ο
1287 5069 1309 5156 3
1738 5047 1791 5114 tl!
