5500 6884
551 745 662 838 ΕΤ
711 735 1574 838 FERMENTATIONE.
1732 767 1775 856 ‘9

392 923 464 1010 bet
489 943 629 1031 corpus
655 914 765 1029 quod
789 921 859 1028 p'er
882 909 920 1002 se
942 908 1087 1026 semper
1108 936 1238 998 manet
1260 913 1302 996 in
1331 939 1384 998 eo
1406 915 1502 998 statu
1515 917 1555 998 in
1585 940 1666 1027 quo
1685 917 1775 1027 est)

393 1063 593 1152 nunquam
612 1027 831 1120 effervescet
845 1034 911 1117 vel
927 1030 1238 1120 sennentabitutr
1298 1029 1417 1142 uippe
1435 1059 1553 1116 omne
1568 1032 1679 1143 quod
1687 1062 1774 1118 mo-

392 1179 531 1253 vemt,
560 1175 738 1238 movetur
763 1147 815 1234 ab
839 1151 940 1239 aliur
973 1150 1027 1234 est
1043 1173 1137 1262 ergo
1157 1175 1228 1232 nec
1279 1171 1325 1244 e,
1355 1171 1423 1244 ut,
1454 1147 1676 1259 srcorporis
1689 1150 1773 1233 fim-

395 1273 506 1386 plicis
537 1268 728 1380 particula
756 1261 871 1352 solito
896 1264 1105 1378 rapidiores
1128 1265 1278 1348 moveri
1299 1261 1490 1362 debeant,
1520 1263 1680 1348 accedat
1704 1267 1773 1348 ali·

395 1387 492 1502 quid
521 1379 641 1481 novi,
681 1381 810 1494 quod'
833 1383 935 1466 hunc
968 1405 1118 1464 motum
1140 1380 1225 1491 ipsrs
1253 1379 1466 1490 imprimatr
1483 1378 1623 1464 ¹hocce
1643 1382 1773 1492 itaque

397 1499 519 1586 modo
538 1528 620 1583 non
645 1499 806 1609 amplius
829 1496 985 1697 simplex
1004 1523 1163 1608 corpus,
1192 1490 1258 1580 sed
1278 1497 1441 1578 mixtttm
1462 1495 1670 1579 dicendum
1687 1499 1773 1582 etit.

399 1612 732 1730 Quandocunque
757 1613 871 1728 igitur
927 1607 1184 1697 ffervescentia
1199 1612 1264 1697 vel
1283 1607 1543 1698 Fermentatio
1573 1611 1777 1699 excitanda

397 1737 473 1833 est,
503 1727 649 1844 semper
666 1729 750 1816 duo
772 1755 934 1841 corpora
951 1724 1036 1814 sunt
1057 1725 1345 1839 conjungendo
1377 1728 1584 1840 quodlibet
1607 1723 1777 1815 enimse·

396 1847 685 1960 orsunposttum
705 1845 898 1944 manebit,
910 1839 1123 1930 &servabit
1140 1847 1276 1928 statum
1289 1871 1379 1928 eum
1390 1843 1657 1956 quernhabett
1690 1846 1777 1928 nul·

397 1969 440 2052 la
460 1967 562 2050 enim
579 1967 678 2047 ratio
700 1986 878 2075 apparet,
908 1989 974 2046 cur
1003 1989 1104 2045 nunc
1129 1963 1260 2072 potius
1291 1966 1331 2044 δι
1371 1988 1453 2044 non
1491 1964 1594 2074 ptius
1623 1985 1776 2044 motum

399 2083 505 2166 bunc
539 2073 731 2164 insolitum
769 2077 951 2190 adeptum
978 2077 1103 2162 fiterit.
1162 2075 1256 2164 Nec
1290 2103 1364 2158 nos
1399 2101 1596 2176 moratur,
1625 2076 1775 2189 quod,

400 2197 487 2312 poll
501 2195 748 2293 vindemias,
779 2194 942 2278 mustum
961 2223 1010 2280 ex
1037 2196 1121 2278 uvis
1142 2189 1373 2304 expressum,
1404 2191 1482 2280 stne
1516 2193 1599 2276 ullo
1626 2190 1777 2276 addita·

401 2309 565 2410 mento,
591 2307 808 2394 fermentati
828 2307 1026 2408 videatur,
1057 2337 1101 2394 ac
1121 2308 1147 2390 fi
1166 2333 1317 2392 motum
1340 2334 1363 2392 a
1382 2302 1420 2392 se
1452 2303 1535 2420 ipso
1564 2302 1777 2422 acquisitis«

402 2423 482 2522 set;
514 2426 661 2518 adhoc
687 2445 817 2513 autem
838 2423 994 2515 inferius
1013 2419 1236 2514 sufficienter
1254 2419 1558 2539 respondebitur.

1037 2653 1135 2748 IV.
1230 2641 1236 2661 '

463 2885 523 2976 Ex
545 2887 605 2972 bis
622 2909 751 2998 patere
770 2888 955 2984 arbitror,
985 2889 1025 2974 in
1043 2916 1214 3001 quonam
1245 2883 1725 2975 confistatEffervescentiae
1739 2891 1781 2968 δι

403 3003 724 3094 Fermentationis
757 2999 991 3098 differentia,
1022 3001 1240 3114 srunquam
1273 3008 1359 3088 talis
1376 3005 1430 3110 ‚stt
1456 3001 1641 3091 dicenda
1672 3001 1782 3084 aliter

402 3124 510 3208 enim
530 3115 635 3200 haud
657 3112 836 3198 disserunt
858 3113 974 3227 quani
987 3113 1137 3224 gradu,
1166 3117 1255 3214 vel,
1286 3141 1330 3200 ut
1350 3107 1476 3230 loqui
1489 3111 1681 3214 solemus,
1723 3109 1783 3214 se,-
1881 3127 1886 3132 ’

402 3233 577 3322 cumdum
687 3231 696 3250 '
744 3233 785 3312 &
802 3231 940 3313 minus.
998 3227 1293 3316 Effervescentia
1310 3259 1477 3345 namque
1495 3233 1590 3316 nibil
1608 3229 1714 3315 aliud
1726 3231 1782 3314 est

404 3378 524 3468 quam
538 3349 644 3434 inten
658 3371 717 3428 ror
731 3339 1010 3434 Fermentatiot
1043 3341 1211 3430 debilior
1227 3375 1324 3433 vero
1338 3353 1380 3431 δι
1397 3347 1578 3432 remiffior
1595 3337 1783 3434 Efferves·

405 3469 534 3556 centia
558 3465 612 3548 est
633 3459 891 3546 Fermentatio
909 3457 1086 3546 dicenda.
1145 3459 1243 3548 Sunt
1267 3455 1426 3574 quidem
1446 3466 1589 3576 aliqui,
1619 3462 1784 3575 quilon·

406 3613 459 3699 ge
485 3583 669 3688 majorem
687 3573 940 3660 differentiam
965 3579 1063 3662 inter
1085 3576 1440 3670 illas'conllituunt3
1471 3609 1608 3664 ventm
1628 3580 1706 3661 hoc
1723 3579 1784 3658 ni·

408 3703 465 3786 hil
483 3693 666 3808 impedltr
696 3692 851 3776 illorum
869 3693 1012 3805 quippe
1034 3685 1264 3807 hypotheses
1285 3699 1326 3777 δι
1344 3693 1528 3806 principia
1546 3721 1635 3778 cum
1655 3691 1784 3776 ameis

408 3815 481 3906 stnt
501 3815 647 3910 aliena,
675 3805 758 3893 fieri
783 3831 864 3892 non
884 3809 1039 3920 potuit,
1069 3811 1163 3923 quin
1185 3809 1226 3894 in
1252 3803 1416 3896 diversas
1433 3837 1594 3925 quoque
1620 3807 1784 3893 abierint

407 3931 637 4046 opinionesr
669 3949 888 4038 quanquam
909 3923 998 4010 illos
1014 3951 1095 4010 non
1113 3923 1362 4040 redarguam,
1391 3921 1459 4013 sed
1477 3927 1694 4038 permittam
1702 3925 1784 4010 cui·

407 4075 488 4164 que
504 4041 613 4130 suun
628 4041 827 4152 pulchrum
849 4034 946 4132 eller
976 4035 1175 4156 prasertim
1193 4067 1280 4126 cum
1294 4043 1479 4151 judicium
1502 4043 1546 4128 stt
1556 4069 1675 4155 penes
1684 4035 1785 4126 Lec-
1869 4125 1872 4129 ,
2009 4125 2013 4135 ,

408 4191 538 4250 torem
566 4193 579 4246 t
605 4159 755 4242 interim
774 4179 903 4242 tamen
926 4157 1038 4242 aliam
1062 4156 1314 4250 differentiam
1332 4161 1431 4247 inter
1452 4153 1785 4248 Effervescentiam

410 4287 452 4366 δι
474 4275 823 4364 Fermentationem
866 4298 947 4358 non
978 4268 1167 4388 agnosco,
1210 4303 1325 4387 quam
1361 4276 1485 4360 modo
1518 4298 1782 4360 memoratam.

410 4391 532 4480 Anne
550 4385 949 4503 causadellagrationls
969 4391 1173 4500 repentinae
1190 4391 1357 4500 pulveris
1371 4395 1470 4506 pyrii
1493 4380 1606 4489 ficei,
1637 4417 1686 4473 ex
1701 4388 1787 4472 aliis

409 4507 668 4600 fitndamentis
685 4505 853 4617 petenda
869 4506 954 4605 est,
985 4531 1100 4618 quam
1115 4503 1282 4614 ejusdem
1299 4507 1558 4617 humectati&
1584 4507 1624 4588 in
1634 4499 1786 4588 massam

410 4619 584 4724 subacti,
604 4621 885 4736 deflagrationis
909 4613 1140 4706 successiva?
1171 4619 1254 4710 Vix
1288 4622 1428 4717 cred03
1459 4623 1583 4736 pulvis
1602 4620 1788 4734 enimpy-

412 4743 493 4828 rius
516 4739 627 4824 frctus
646 4739 701 4824 ob
726 4737 888 4823 eandem
908 4731 1304 4839 causamaccenditur,
1335 4741 1391 4826 ob
1411 4739 1786 4854 quamhumedatusr

413 4856 592 4975 quamvis
611 4857 703 4955 ille,
734 4855 789 4940 ob
810 4855 1041 4956 fictitattm,
1072 4849 1198 4940 subito
1222 4860 1412 4951 flammant
1442 4857 1695 4972 concipiat&
1727 4847 1801 4938 su:
1891 4862 1900 4870 ’

469 4973 575 5074 lom.
603 4971 782 5064 flamna
809 4967 929 5088 Opera
965 4980 1085 5062 omnia
1125 4967 1252 5066 Tum.
1279 4967 1314 5082 Ι,
1474 4972 1510 5064 Β
1698 4967 1787 5058 bito
