5500 6884
555 715 890 813 N⁰.LXXIV.
947 715 1184 808 MOTUS
1207 715 1609 816 REPTonws„
1704 730 1789 833 '41'5

362 900 367 916 “
461 873 804 968 DEMONSTR.
836 876 1097 992 Concipi'atur
1141 907 1359 992 perreptans
1395 874 1522 965 ECF
1552 880 1733 993 progredi
1763 883 1989 986 inffixpu,

403 995 512 1080 fitum
534 1000 774 1110 proximum,
808 999 864 1080 ita
892 1021 936 1080 ut
955 997 1101 1082 vertice
1126 1001 1207 1106 ejus
1237 993 1271 1082 E
1302 1001 1552 1110 perveniente
1582 1001 1621 1082 in
1639 1030 1663 1080 e
1680 1027 1798 1110 punc·
1816 1004 1988 1082 ‘Vim-&²-

403 1137 486 1196 tum
520 1115 627 1198 strnul
664 1117 915 1228 perreptantis
955 1145 994 1194 m
1033 1113 1145 1208 cadat
1175 1117 1214 1198 in
1248 1120 1430 1226 punctum
1470 1115 1730 1227 perreptandae
1752 1146 1802 1205 nt

406 1231 548 1316 clarum
588 1261 690 1314 nunc
729 1233 805 1332 est,
838 1231 1022 1316 lineolam
1065 1225 1150 1331 Ee,
1183 1260 1266 1344 quat
1296 1261 1364 1343 per
1396 1229 1522 1314 coroa.
1559 1227 1591 1314 I.
1628 1233 1807 1345 parallelo

405 1351 459 1431 est
499 1349 651 1433 lineolis
695 1341 774 1431 Cn
811 1353 852 1432 dc
893 1343 1012 1440 Cm‚
1053 1346 1138 1431 fore
1175 1350 1214 1430 in
1241 1347 1323 1459 Fig.
1355 1341 1402 1446 I,
1443 1349 1627 1460 aequalem
1651 1345 1803 1432 snmmae

407 1461 484 1548 Cn
502 1474 551 1555 ÷
575 1461 685 1563 Cm,
715 1471 755 1548 dc
779 1464 861 1576 Fig.
891 1460 966 1564 II,
995 1463 1218 1549 differentiae
1252 1465 1474 1548 earumdem
1503 1458 1580 1547 Cn
1602 1524 1670 1542 ..-
1688 1458 1799 1548 Cmt

404 1612 494 1666 nam
525 1613 592 1694 per
620 1577 910 1693 parallelifirrnm
932 1607 1062 1666 motus
1091 1580 1157 1680 fit,
1186 1604 1228 1664 nt
1246 1577 1459 1695 progressus
1482 1585 1611 1694 pundi
1636 1577 1799 1666 Enem-

342 1699 350 1712 ”
405 1728 455 1812 pe
486 1695 570 1798 Ee,
598 1697 642 1782 fit
670 1700 823 1811 aequalis
847 1698 1029 1783 distantia
1051 1702 1320 1810 punitorumn
1347 1705 1387 1781 δι
1410 1730 1473 1798 m,
1498 1725 1586 1809 quae
1608 1727 1704 1782 vero
1724 1691 1799 1779 dis-

405 1817 547 1914 tantia,
577 1843 664 1898 cum
694 1817 886 1925 particulae
911 1811 988 1898 Cn
1009 1822 1050 1899 δι
1081 1811 1123 1898 C
1136 1845 1175 1895 m
1193 1817 1238 1925 in
1263 1815 1448 1900 directtnn
1474 1817 1598 1921 jacere
1621 1809 1798 1899 censean-

405 1957 489 2031 tur,
515 1960 595 2016 non
620 1929 746 2016 differt
765 1933 817 2016 ab
844 1934 1054 2017 earundum
1081 1927 1224 2015 snnnnn
1252 1934 1291 2014 in
1324 1931 1407 2034 Fir.
1435 1927 1475 2031 Ι,
1501 1936 1586 2014 &a
1620 1930 1799 2015 differen-

405 2052 481 2147 tia,
513 2051 553 2131 in
593 2047 676 2158 Fig.
708 2043 767 2133 II.
799 2047 896 2134 Sunt
922 2077 1018 2134 vero
1049 2044 1134 2148 Ee,
1162 2043 1259 2142 Cn,
1282 2053 1321 2130 δι
1357 2043 1469 2144 Cm,
1497 2049 1688 2132 elementa
1718 2041 1799 2131 sua·
1832 2095 1837 2100 »

405 2194 490 2250 rum
518 2159 726 2276 respective
760 2194 958 2250 curvarum
989 2159 1110 2264 AB,
1147 2157 1265 2262 AC,
1301 2169 1341 2246 δι
1367 2157 1480 2248 EC:
1511 2159 1617 2276 Ergo
1658 2165 1797 2262 etiam,

407 2283 598 2366 collediim
621 2270 750 2366 sumtis
776 2285 1003 2382 elementia,
1035 2284 1108 2368 erit
1132 2306 1249 2364 curva
1273 2282 1441 2392 reptoria
1470 2273 1560 2364 ΑΕ
1583 2309 1613 2362 ae
1643 2279 1737 2362 ualis
1758 2281 1800 2366 in

407 2397 489 2510 Fig.
505 2399 538 2482 Ι.
570 2395 720 2482 summa
749 2399 1011 2513 perreptandae
1036 2405 1078 2483 ὃ(
1101 2399 1351 2510 perreptantis
1377 2392 1421 2482 A
1436 2391 1476 2478 C
1491 2406 1540 2488 ÷
1562 2310 1670 2495 Εὲ,
1695 2402 1735 2481 &
1758 2397 1803 2486 in

407 2515 488 2631 Fig.
510 2515 575 2606 11.
605 2515 819 2605 differentia
839 2517 1060 2608 earumdem
1080 2511 1259 2606 ΑΟ·-
1273 2509 1308 2602 Ε
1322 2509 1377 2600 C.
1437 2517 1500 2632 Q
1523 2511 1570 2598 E.
1602 2512 1657 2596 D.

866 2751 1332 2844 §cancrum

466 2983 511 3073 ln
542 2982 768 3070 memoriam
806 2983 869 3070 hic
899 2983 971 3069 srbi
997 2985 1200 3072 revocabit
1228 2983 1275 3070 B.
1303 2980 1479 3082 Lector,
1520 2980 1630 3094 quod
1657 2976 1802 3066 illustre

409 3103 600 3195 Virorum
659 3130 699 3187 ar
716 3162 730 3202 ,
761 3097 925 3186 summus
949 3097 1318 3201 LEIBMTIUt,
1349 3106 1390 3184 δι
1422 3097 1645 3181 acutiffimns
1662 3160 1675 3200 ,
1707 3101 1806 3183 dum

409 3227 590 3318 viveret,
680 3240 924 3308 UGENIUS
950 3221 1224 3331 praestiterunt,
1255 3216 1480 3303 introductis
1499 3210 1638 3300 scilicet
1658 3216 1806 3304 abhoc

411 3338 669 3436 Evolutionti,
701 3335 751 3420 ab
784 3337 853 3419 illo
884 3332 1081 3418 Tariona
1107 3336 1315 3434 motibnS,
1347 3363 1430 3418 non
1462 3331 1538 3418 stne
1570 3332 1704 3446 insigni
1732 3360 1805 3445 pro

410 3459 551 3540 notitia
577 3481 776 3536 curvarum
793 3453 1088 3537 emo-lumento:
1120 3447 1185 3536 sed
1207 3479 1307 3534 nunc
1327 3451 1498 3559 judicet,
1530 3479 1602 3564 pro
1626 3452 1806 3562 acquitate

410 3567 503 3672 sna,
534 3563 670 3654 annon'
697 3571 824 3654 noster
850 3564 986 3654 Motus
1011 3569 1191 3679 Reptionis
1213 3569 1287 3650 illis
1319 3567 1474 3652 duobus
1494 3561 1626 3654 saltem
1651 3567 1808 3678 adjungi

412 3713 614 3774 mereatur.
665 3683 757 3772 Sive
780 3688 884 3772 enim
901 3689 982 3794 ejus
998 3683 1219 3770 facilitatem
1236 3689 1278 3768 dc
1298 3682 1575 3797 simplicitatem
1590 3743 1604 3780 ‚
1635 3682 1712 3768 five
1729 3683 1804 3764 uti-

413 3807 564 3894 litatem·
588 3797 753 3916 spedare
775 3805 894 3900 velit,
926 3801 1196 3915 deprehendet
1214 3830 1302 3886 enm
1327 3804 1366 3883 in
1390 3798 1497 3881 omni
1521 3822 1627 3910 parte
1650 3795 1808 3884 mirifice

413 3924 620 4011 excellere.¹
680 3917 787 4026 Quis
816 3922 922 4004 enim
945 3946 1073 4004 motus
1095 3919 1242 4005 facilior
1266 3923 1305 4002 ὃ(
1331 3915 1567 4028 fimpliciot,
1597 3917 1684 4027 quis
1711 3941 1808 4000 vero

413 4037 609 4126 etiamad
636 4039 769 4146 praxin
791 4038 1153 4134 accommodatior,
1185 4063 1301 4148 qnam
1328 4035 1395 4146 qui
1423 4032 1492 4120 fibi
1518 4027 1663 4142 semper
1687 4032 1812 4143 paral-
1888 4065 1893 4075 ¹

415 4159 512 4242 lelus
535 4157 620 4240 est?
666 4148 836 4258 Qrantae
858 4175 987 4232 autem
1010 4152 1055 4233 fit
1076 4153 1269 4251 utssitatis,
1298 4144 1432 4262 prater
1452 4150 1559 4238 ardui
1583 4145 1813 4236 Problema-

416 4277 464 4359 tis
485 4268 715 4356 solutionem
739 4293 831 4348 mox
853 4264 1046 4366 dandam,
1077 4269 1143 4352 vel
1174 4270 1251 4352 hoc
1283 4270 1442 4381 arguit,
1474 4265 1588 4383 quod·
1613 4267 1727 4348 nobis
1749 4267 1815 4352 inc

416 4391 577 4474 troitum
609 4379 747 4472 reseret
768 4383 822 4494 ¹ad
854 4381 1098 4483 abstrnfiora,
1129 4391 1169 4469 δι
1196 4410 1344 4471 tantum
1364 4378 1451 4470 'no'n
1473 4381 1653 4477 habitunt
1675 4375 1810 4493 despe-

416 4524 509 4594 rata¹
535 4505 633 4587 circa
664 4529 797 4584 curvas
827 4493 1096 4612 cognoscenda
1130 4507 1171 4585 δὲ
1204 4497 1446 4632 εέἧεῇεηᾶκ,ἰ,
1477 4488 1669 4608 Quor'um.
1692 4501 1810 4591 unum

417 4625 629 4708 alterumve
652 4643 800 4702 tanturn
822 4617 972 4700 notabo
991 4653 1001 4701 t
1033 4613 1083 4701 Et
1099 4621 1224 4728 primo
1246 4603 1427 4730 q'ui'd'em,
1444 4614 1579 4700 'ctiivis
1598 4614 1719 4699 statim
1735 4607 1814 4700 ob-

419 4744 528 4824 vium
550 4740 628 4834 est,
661 4735 889 4848 quomodo,
915 4735 1013 4818 datis
1032 4735 1181 4819 duabus
1200 4759 1264 4816 ant
1283 4734 1454 4844 pluribus
1475 4734 1600 4817 curvis
1623 4734 1817 4846 alpebrai=

423 4861 504 4958 cis,
534 4854 646 4944 facile
675 4856 749 4942 alia
775 4881 882 4942 nova
906 4853 1120 4968 algebraica
1141 4854 1384 4956 inveniatur,
1414 4856 1520 4964 cujus
1548 4879 1635 4940 area
1659 4851 1813 5046 aquags

498 5021 504 5028 ·
547 4986 552 5002 ⁸
1748 4986 1757 5011 ⁸
1791 4986 1815 5052 ἱ
