5500 6884
998 818 1080 892 260
1120 785 1294 890 N·.L1.
1323 791 1419 880 DE
1444 789 1664 881 CURVA
1687 783 2048 880 INFINITAS
2072 783 2330 880 cuam

997 963 1150 1050 Quaeilio
1175 961 1228 1036 bic
1248 962 1296 1037 est
1319 963 1361 1035 de
1383 965 1465 1051 tali,
1489 987 1563 1056 quae
1588 963 1680 1034 datas
1700 984 1816 1033 omnes
1836 961 1877 1033 ad
1899 961 2039 1056 angulos
2059 968 2166 1036 redlos
2185 960 2280 1037 secet.
2332 967 2393 1041 De·
2442 990 2445 1002 ’

995 1061 1121 1156 pendet
1136 1085 1250 1135 autem
1269 1061 1481 1135 Problemaa
1503 1063 1662 1135 methodo
1682 1060 1890 1152 tangentium
1911 1058 2067 1147 inversa,
2093 1081 2131 1136 ut
2159 1065 2288 1136 nullam
2302 1089 2394 1160 gene-
2438 1157 2441 1166 Δ
2481 1086 2513 1134 .’

1000 1160 1104 1233 ralern
1130 1158 1330 1234 solutionem
1363 1163 1540 1248 admittat,
1578 1159 1689 1252 estque
1714 1183 1777 1252 pro
1814 1159 1905 1230 varia
1930 1159 2084 1232 datarum
2105 1157 2269 1254 positione
2308 1165 2394 1236 mira

999 1256 1221 1342 diverfitatisa
1246 1283 1355 1352 neque
1374 1261 1516 1351 gradus,
1533 1258 1587 1332 vel
1608 1256 1726 1352 species
1746 1258 1960 1342 Cumarum,
1981 1256 2028 1328 est
2050 1259 2215 1332 ohannes
2235 1257 2396 1334 facilitatis

1000 1358 1058 1430 vel
1082 1355 1285 1430 difficultatis
1308 1357 1548 1438 Problematis;
1574 1380 1651 1428 cum
1676 1379 1747 1426 non
1772 1377 1946 1446 uunquam
1969 1355 2007 1428 in
2031 1355 2221 1450 algebra'r'tis
2240 1383 2292 1432 res
2312 1359 2395 1434 dilli-

1001 1456 1128 1541 culter,
1153 1457 1189 1526 in
1211 1452 1516 1527 transcendentibus
1533 1474 1649 1526 contra
1670 1451 1762 1524 facile
1784 1448 1942 1524 succedat.

1051 1553 1211 1644 Exempla
1236 1551 1418 1645 promiscue
1438 1551 1698 1647 algebra'r'carum
1724 1554 1755 1624 &
1787 1547 2091 1623 transcendentium
2116 1554 2334 1644 Curvarum,
2360 1557 2394 1629 in
2457 1593 2461 1602 ·

1000 1649 1121 1744 quibus
1142 1649 1263 1723 solutio
1283 1647 1410 1722 facilis:

1051 1751 1078 1822 Ι.
1099 1757 1139 1824 Si
1160 1748 1258 1820 eidem
1292 1756 1348 1818 axi
1367 1747 1510 1837 infitiare
1531 1751 1656 1842 infinite
1680 1743 1834 1819 Paralole
1853 1748 2017 1841 eqrrnlirrnr
2034 1765 2307 1838 paranetrorum,
2335 1751 2395 1841 liri

1001 1845 1194 1936 diversmum
1212 1852 1391 1931 verticum,
1408 1843 1479 1933 five
1507 1847 1524 1940 (
1548 1847 1638 1938 quod
1663 1847 1781 1917 eodem
1802 1844 1989 1935 recidit)fi
2009 1871 2049 1917 ere
2075 1851 2204 1941 infinitis
2229 1875 2293 1922 tora
2305 1851 2393 1942 super

999 1948 1092 2040 plano
1108 1948 1167 2035 fiio
1196 1951 1243 2015 ira
1260 1943 1469 2035 protruditur
1492 1993 1504 2030 ,
1535 1961 1573 2013 ur
1587 1943 1710 2037 smgula
1731 1946 1798 2030 ejus
1818 1945 1931 2034 parfia
1959 1944 2055 2014 rec'iar
2076 1944 2248 2034 describam
2269 1955 2326 2018 arri
2342 1968 2393 2038 pa-

1000 2045 1145 2129 rallelas,
1181 2043 1244 2114 erit
1270 2045 1410 2128 Curva,
1440 2067 1514 2134 quae
1535 2039 1682 2112 infinitas
1702 2041 1771 2112 illas
1792 2038 1992 2125 Parabolas,
2018 2039 2073 2111 seu
2101 2045 2230 2114 unicam
2256 2045 2302 2116 ita
2322 2071 2393 2118 mo·

1002 2159 1094 2227 tam,
1118 2151 1277 2233 perpetuo
1297 2141 1339 2210 ad
1358 2143 1497 2232 angulos
1518 2142 1625 2211 redlos
1640 2137 1747 2224 secat,
1784 2140 2027 2231 Logarithmica
2039 2188 2052 2225 ,
2078 2141 2171 2232 cujus
2194 2140 2392 2236 subtangens

999 2258 1151 2333 aequatur
1176 2236 1443 2331 sentiparametro
1474 2235 1654 2309 Parabolae.
1716 2237 1760 2310 Et
1780 2235 1943 2324 viciffim,
1980 2234 2005 2307 fi
2040 2239 2283 2331 Logarithmica
2308 2241 2390 2313 <situ

998 2342 1129 2412 ratione
1158 2335 1338 2428 superare
1366 2353 1632 2428 promoveatur,
1669 2337 1782 2408 Curva
1810 2359 1911 2426 quam
1932 2335 2102 2406 continuow
2117 2338 2158 2408 ad
2181 2341 2288 2410 tetros
2309 2337 2390 2412 lectt

997 2437 1138 2527 angulos
1149 2483 1163 2520 ,
1189 2432 1236 2504 est
1257 2432 1428 2506 Parabola.
1479 2436 1531 2506 lta
1561 2429 1767 2505 lil'arabola
1794 2430 1910 2504 cubica
1946 2429 2131 2524 superare
2162 2438 2389 2528 propellatur,

998 2556 1100 2625 quam
1129 2532 1171 2601 ad
1194 2535 1303 2601 retias
1334 2529 1442 2615 secat,
1468 2530 1515 2601 est
1535 2529 1756 2622 Hyperbolus
1781 2526 1806 2601 fi
1827 2530 1959 2602 altiores
1982 2530 2174 2618 Parabolac,
2200 2531 2244 2606 ab
2265 2534 2389 2608 altiori-

995 2628 1060 2703 bus
1079 2628 1241 2721 gradatim
1264 2627 1466 2720 Hyperbolis
1492 2628 1685 2700 normaliter
1708 2627 1884 2712 secantur,
1909 2631 1943 2700 ἃ
1964 2627 2127 2716 viciffim,
2154 2636 2216 2702 dre.

1044 2728 1105 2799 ΙΙ.
1131 2731 1169 2798 si
1189 2729 1316 2820 infinita
1338 2727 1501 2818 equalium
1518 2743 1765 2818 parametrorum
1785 2723 1944 2797 Parabolae
1952 2725 2064 2797 axibaes
2072 2728 2225 2817 parallelis
2247 2729 2390 2820 inspirat,

992 2819 1039 2909 ὅ
1068 2829 1200 2895 varices
1222 2822 1354 2895 labriam
1376 2831 1411 2895 in
1436 2827 1516 2896 linea
1534 2823 1581 2895 his
1598 2822 1712 2895 axibus
1729 2821 1996 2913 pnpmrlicularis
2011 2823 2103 2912 five,
2117 2825 2149 2914 fi
2173 2819 2322 2898 Paralalr
2345 2837 2389 2900 ira

984 2921 1117 3019 feratur
1127 2971 1140 3008 ,
1165 2939 1205 2991 rat
1223 2919 1347 3017 sargada
1365 2923 1434 3008 ejus
1452 2924 1565 3013 punita
1584 2925 1682 2994 retias
1696 2920 1933 3012 describantaxi
1950 2923 2228 3012 perpendicularem
2254 2927 2388 3014 Curva,

846 3048 849 3052 ·
991 3044 1095 3113 quam
1119 3017 1261 3091 infinitae
1299 3022 1354 3093 vel
1381 3021 1478 3091 unica
1504 3017 1548 3092 lic
1574 3038 1666 3092 mota
1701 3020 1895 3092 normaliter
1927 3018 2121 3107 intersecat,
2157 3021 2316 3096 Parabola
2343 3023 2387 3096 est

994 3117 1150 3190 cubiculis
1173 3109 1306 3189 sec'undi
1337 3120 1491 3212 generis,
1526 3118 1620 3208 cujus
1650 3119 1736 3190 latus
1758 3120 1885 3189 redium
1908 3119 1948 3189 ad
1969 3119 2137 3191 Parabolae
2167 3143 2386 3212 parametrurn

994 3213 1066 3302 est,
1091 3235 1170 3302 ut9
1197 3215 1240 3286 ad
1268 3226 1324 3288 16.
1390 3218 1423 3290 Si
1448 3216 1510 3287 alia
1533 3213 1768 3289 Paraboloidea
1789 3215 1836 3287 ita
1853 3212 2030 3305 serantur,
2058 3218 2127 3290 aliis
2150 3219 2265 3292 itidem
2292 3220 2386 3293 Para·

992 3309 1157 3388 boloideis
1184 3315 1376 3386 normaliter
1399 3312 1572 3399 secantur,
1598 3318 1631 3384 dr
1652 3315 1724 3384 vice
1744 3311 1859 3397 versa,
1885 3317 1947 3385 dec.
2497 3376 2500 3386 .

1043 3411 1130 3484 111.
1157 3418 1193 3484 Si
1212 3415 1336 3503 infinita
1365 3411 1584 3484 Paraboloidea
1615 3410 1747 3499 ejusdem
1777 3409 1896 3504 gradus
1927 3407 2052 3500 [culm
2074 3411 2168 3484 indm
2180 3413 2225 3503 fit
2244 3411 2304 3506 m]
2331 3414 2386 3507 sed

994 3507 1186 3599 divasoman
1212 3511 1345 3580 lacrum
1376 3511 1553 3594 raetorum,
1592 3515 1674 3579 circa
1702 3507 1832 3579 eundem
1849 3533 1940 3579 aean
1965 3505 2010 3593 ἓξ
2038 3518 2184 3582 verticem
2206 3513 2383 3604 consuiant,

993 3609 1132 3694 Curva,
1154 3631 1228 3698 quae
1251 3608 1307 3677 has
1327 3631 1444 3678 omnes
1463 3606 1656 3678 normaliter
1677 3607 1819 3698 trajicit,
1841 3605 2031 3679 constanter
2052 3607 2098 3678 est
2117 3607 2268 3700 Elliplis,
2294 3615 2383 3704 eujus

993 3725 1147 3782 connum
1170 3706 1206 3775 in
1237 3705 1408 3776 communi
1433 3705 1581 3791 vertice,
1615 3707 1700 3776 latus
1725 3701 1945 3778 transversum
1966 3705 2004 3776 in
2028 3731 2113 3794 axe,
2148 3704 2279 3800 ejusque
2301 3713 2382 3784 ratio

991 3804 1037 3876 ad
1061 3805 1145 3874 latus
1167 3805 1292 3874 tellum
1307 3823 1345 3875 ut
1369 3825 1386 3876 1
1417 3803 1458 3875 ad
1481 3829 1523 3878 m.

1043 3903 1121 3977 IV.
1142 3908 1180 3978 Si
1201 3907 1326 3999 infinite
1348 3903 1509 3996 equalium
1522 3899 1774 3996 fiabrangenaium
1801 3897 2028 3996 Logarirlrmicae
2044 3903 2136 3994 super
2160 3903 2292 3978 totidem
2315 3913 2383 3978 arri.

992 3997 1051 4072 bra
1079 4002 1233 4091 parallelis
1265 4000 1445 4103 corfiflanr,
1480 3998 1696 4092 tranftanrque
1721 4021 1778 4091 per
1808 4024 1965 4074 conmmne
1985 4002 2132 4092 nardium
2155 4007 2203 4086 a,-
2235 4011 2383 4098 querimr

993 4105 1105 4170 Curva
1124 4126 1175 4170 aas
1198 4125 1299 4172 mares
1322 4099 1505 4172 normaliter
1525 4098 1715 4187 intersecans.
2140 4183 2150 4198 ·

1043 4198 1229 4270 Contu.
1251 4197 1331 4270 Esto
1350 4221 1416 4268 una
1433 4221 1544 4269 earum
1564 4197 1639 4268 data
1662 4197 1724 4269 FB
1739 4192 1779 4281 s,
1804 4219 1881 4268 cum
1895 4191 1954 4268 suo
1974 4221 2035 4270 axe
2053 4201 2082 4272 a
2097 4197 2130 4272 G
2142 4249 2153 4285 ,
2178 4195 2280 4300 inque
2293 4202 2382 4277 hune

994 4293 1125 4370 demissa
1147 4295 1404 4390 perpendiculari
1430 4297 1496 4369 ΒΛ
1509 4323 1522 4379 ,·
1545 4293 1719 4388 sumtoque
1750 4293 1898 4388 quolibet
1920 4296 1955 4367 in
1985 4297 2225 4387 Logarithmica
2255 4304 2380 4393 pundo

993 4395 1047 4482 F,
1070 4413 1211 4489 agantur
1242 4394 1285 4465 ad
1311 4418 1407 4466 axem
1432 4394 1705 4488 perpendicularis
1740 4395 1839 4478 FG,
1866 4411 2002 4486 tangens
2025 4395 2051 4466 F
2063 4396 2109 4479 L,
2128 4399 2160 4468 de
2181 4396 2256 4467 huic
2276 4400 2379 4491 paral-

992 4494 1056 4566 lela
1077 4495 1159 4567 BM
1171 4543 1184 4580 ,
1208 4517 1247 4564 ac
1265 4491 1396 4588 insuper
1415 4494 1456 4565 ad
1479 4509 1586 4586 partes
1607 4492 1857 4586 Logarithmicae
1876 4491 1919 4562 ab
1946 4515 2008 4562 axe
2033 4495 2227 4566 remotiores
2251 4483 2377 4568 liutua-

994 4606 1051 4664 tur
1073 4591 1107 4662 in
1128 4596 1297 4668 exercita
1319 4594 1425 4678 AN,
1449 4589 1631 4664 arbitrariae
1651 4590 1886 4684 longitudinis,
1911 4589 2020 4680 major
2039 4607 2151 4664 tamen
2180 4591 2376 4688 subtangen-

994 4704 1030 4760 te
1054 4689 1150 4761 GL:
1183 4715 1250 4782 quo
1276 4689 1366 4764 satio
1390 4688 1538 4764 sumatur
1563 4689 1650 4761 inter
1682 4689 1816 4783 duplam
1841 4683 2092 4780 subtangeutem
2127 4693 2159 4765 de
2185 4691 2376 4780 excelsum,

992 4809 1063 4878 quo
1083 4786 1166 4858 NG
1185 4785 1312 4881 superat
1332 4791 1434 4874 AM,
1459 4788 1565 4862 media
1585 4787 1862 4884 proportionalis,
1887 4784 1981 4878 eique
2002 4785 2037 4858 in
2065 4793 2151 4860 retia
2177 4791 2203 4864 Β
2217 4793 2245 4864 Α
2270 4815 2376 4884 aequa-

992 4884 1033 4956 lis
1045 4878 1251 4961 abscindatur
1271 4889 1349 4975 ul,
1372 4885 1746 4979 sursum,deorsumve,
1766 4900 1868 4981 prout
1879 4886 2043 4981 punctum
2060 4883 2197 4984 Fsupra
2208 4937 2222 4983 ,
2246 4885 2377 4966 urinae

2170 5119 2176 5128 .
2315 4973 2373 5090 B,
