5500 6884
996 852 1094 917 ‘100
1155 812 1228 900 Ν·.
1263 804 1417 897 XVIII.
1441 804 1678 897 DISIERT.
1703 797 2322 891 PIIYSICO-ANATOMICA

1016 978 1171 1064 ratione
1206 974 1337 1056 tritum
1368 967 1465 1053 illud
1495 964 1670 1051 Axioma
1697 964 1896 1079 Physrcum
1930 964 2088 1051 defendi
2116 966 2257 1075 poffit,·
2291 965 2396 1051 Omne

983 1124 989 1133 ·
1018 1096 1118 1209 qaod
1135 1114 1322 1187 movetur,
1341 1108 1518 1165 'movetur
1547 1083 1592 1164 ab
1620 1088 1714 1166 alio:
1746 1086 1813 1167 vix
1843 1084 1947 1167 enim
1981 1108 2077 1193 puto
2110 1084 2160 1166 ab
2189 1086 2396 1173 immediata

1019 1212 1156 1295 animae
1182 1206 1384 1303 voluntate
1413 1200 1628 1283 machinam
1658 1227 1883 1311 corpoream
1905 1200 1980 1283 huc
2004 1202 2094 1284 illuc
2117 1198 2303 1285 transferri
2321 1198 2396 1311 pos-

932 1368 935 1373 ·
1020 1322 1085 1415 ses
1108 1319 1211 1408 secus
1237 1316 1407 1415 resedis,
1439 1342 1505 1399 aut
1527 1315 1731 1399 constridtis
1753 1317 1903 1414 nervis,
1923 1330 2004 1399 non
2032 1315 2153 1400 video
2176 1317 2270 1429 quid
2297 1312 2394 1402 Mus-

1023 1442 1131 1525 tulos
1165 1466 1187 1521 a
1210 1440 1322 1521 motis
1345 1432 1571 1544 impediret,
1602 1430 1670 1514 nisi
1683 1426 1806 1515 forsan
1817 1433 1914 1515 velis
1936 1435 2069 1516 anima
2082 1433 2158 1517 ltoc
2180 1439 2291 1544 pado
2306 1437 2397 1517 viam

1023 1554 1097 1643 elle
1126 1548 1335 1668 praecisam,
1366 1551 1433 1631 vel
1451 1551 1724 1657 interceptam,
1756 1577 1824 1660 per
1854 1576 1969 1661 quam
1994 1580 2044 1633 ex
2069 1550 2397 1635 meditulliocere-

1019 1674 1084 1757 bri
1121 1670 1172 1755 ad
1192 1668 1364 1755 membra
1389 1666 1579 1749 exteriora
1600 1657 1748 1773 spatiari
1766 1658 1987 1763 consuevit,
2017 1665 2068 1748 ad
2089 1667 2289 1779 imperium
2303 1664 2398 1751 suum

1023 1788 1081 1872 ibi
1100 1784 1381 1872 exercendum
1407 1775 1473 1864 sed
1495 1780 1571 1863 hoc
1592 1776 1693 1864 foret
1722 1782 1887 1899 animam
1909 1782 2112 1893 concipere
2124 1786 2236 1866 nimis
2268 1812 2398 1895 corpo·
2429 1824 2435 1830 ·

1022 1930 1140 1989 ream.
1202 1897 1306 1985 Aliis
1328 1890 1476 2008 insuper
1507 1897 1792 2008 quamplurimis
1824 1900 2055 2008 argumentis
2090 1903 2273 1983 evertitur
2295 1895 2398 2011 syste-

1023 2046 1088 2106 ma
1148 2014 1442 2109 Stenonianum,
1484 2006 1592 2121 super
1645 2040 1725 2123 quo
1769 2006 2008 2096 consulantur
2051 2012 2399 2103 Bonsrsus*

1022 2142 1063 2219 δι
1093 2128 1315 2229 MAJOW
1341 2135 1376 2225 †·
1421 2124 1594 2223 Veram,
1627 2125 1956 2240 quemadmodum
1994 2157 2070 2241 ego
2101 2132 2287 2230 arbitror,
2320 2162 2399 2221 cau-

1021 2245 1100 2333 sam
1131 2246 1400 2332 contractionis
1425 2238 1693 2329 Musculorum
1706 2246 1933 2357 attigerunt,
1964 2248 2032 2357 qui
2052 2248 2156 2330 illam
2174 2250 2223 2330 ab
2244 2252 2401 2339 inflatio.

1020 2394 1073 2451 ne
1103 2362 1270 2477 quadam
1305 2358 1574 2457 deduxerunt,
1617 2361 1715 2444 inter
1744 2389 1844 2473 quos
1879 2364 2057 2472 precipui
2088 2359 2170 2447 lum
2205 2364 2295 2452 W1
2302 2388 2402 2457 ιιι..

1021 2502 1140 2568 s1us
1164 2492 1201 2577 §,
1234 2484 1274 2561 δι
1306 2476 1389 2559 bini
1419 2474 1543 2559 modo
1573 2481 1780 2560 memorati·
1808 2471 1921 2563 Viri:
1952 2480 2020 2589 qui
2045 2509 2180 2564 nrrmes
2193 2484 2232 2564 in
2256 2511 2305 2565 eo
2315 2509 2403 2571 con.

1022 2598 1207 2694 veniunt,
1238 2593 1352 2707 quod·
1379 2595 1419 2675 in
1442 2586 1632 2677 Musculis
1663 2596 1807 2677 oriatur
1838 2591 2040 2694 ebullitio,
2071 2626 2154 2709 quae
2185 2596 2299 2682 fibras
2334 2598 2403 2686 dis·

1022 2710 1180 2811 tendat,
1212 2734 1255 2798 ut
1281 2713 1324 2799 ln
1359 2707 1604 2824 longitudine
1640 2712 1816 2796 amittant
1846 2709 1956 2825 quod
1985 2712 2025 2795 in
2054 2713 2255 2801 latitudine
2279 2724 2406 2835 acqui-

1020 2850 1124 2919 runt.
1747 2868 1750 2872 ¹

1651 3058 1691 3149 ·1
1717 3055 1786 3154 V..

1079 3272 1131 3363 Iis
1152 3274 1284 3388 iraque
1303 3274 1531 3388 generaliter
1549 3273 1785 3366 assentimurs
1819 3284 1859 3365 ἃ
1881 3268 2077 3361 statuimus
2100 3301 2187 3362 cum
2202 3279 2413 3379 Bonna.

1020 3414 1116 3490 no,
1147 3419 1288 3477 nervos
1303 3390 1375 3477 else
1400 3393 1620 3501 congeriem
1651 3392 1875 3474 tubulorum
1888 3386 2089 3477 substantia
2114 3397 2282 3505 quadam
2300 3404 2410 3518 spon.

1019 3504 1128 3624 giosa
1157 3508 1405 3619 repletorum,
1422 3533 1508 3616 quac
1528 3499 1728 3589 substantia
1741 3500 1886 3619 semper
1909 3532 2058 3623 turget,
2073 3515 2113 3594 ar
2129 3512 2244 3623 plena
2263 3525 2317 3605 est
2328 3530 2419 3610 flui.

1021 3624 1078 3711 do
1111 3620 1254 3711 summe
1283 3620 1468 3726 volatili,
1497 3650 1521 3705 a
1547 3622 1707 3707 cerebro
1737 3618 2005 3735 suppeditato,
2036 3632 2117 3736 ejus
2146 3657 2313 3740 naturae,
2344 3664 2416 3744 ut,

1021 3742 1157 3828 sicum
1188 3736 1366 3855 sanguine
1387 3732 1695 3837 commisceatur,
1731 3735 1966 3829 subitaneam
1990 3741 2312 3839 effervescentiam
2342 3789 2417 3871 pa.

1021 3858 1106 3943 riat.
1154 3853 1207 3945 Et
1241 3858 1319 3939 hoc
1360 3852 1520 3938 fluidum
1549 3854 1647 3937 illud
1681 3850 1802 3967 ipsum
1824 3860 1900 3959 est,
1947 3862 2060 3975 quod
2072 3864 2192 3977 vulgo
2215 3869 2419 3982 Spiritum

1022 3979 1235 4056 animalium
1265 3998 1410 4055 nornen
1428 3969 1559 4056 habet.
1619 3968 1660 4057 Si
1682 3974 1809 4057 anima
1829 3976 2013 4088 imperat,
2032 3980 2098 4064 vel
2116 4010 2269 4072 exercet
2287 3998 2421 4079 acum

1022 4088 1250 4177 volitioniss
1276 4088 1358 4173 hoc
1388 4084 1471 4171 fieri
1497 4114 1579 4173 non
1599 4090 1751 4200 potest,
1782 4092 1876 4201 quin
1908 4122 1957 4179 cx
1982 4096 2195 4185 necesfitate
2229 4108 2421 4191 mirabilis

942 4310 947 4315 ι
1021 4204 1202 4300 unionis,
1233 4232 1349 4313 quam
1382 4200 1652 4318 Omnipotens
1694 4199 1848 4295 Deus
1878 4210 1976 4298 inter
1995 4216 2161 4299 anuum
2183 4222 2350 4305 nostram
2371 4232 2421 4311 de
2485 4237 2486 4240 ‘

1022 4346 1162 4431 corpus
1187 4320 1402 4417 constituit,
1434 4326 1475 4404 ἃ
1499 4347 1583 4435 quae
1612 4350 1685 4405 nos
1718 4323 1895 4408 hedenus
1913 4329 2007 4411 latet
2037 4335 2076 4415 ἃ
2103 4327 2219 4445 osque
2245 4338 2419 4442 latebit,

1022 4438 1144 4548 quin,
1165 4436 1347 4545 inquam,
1367 4433 1435 4519 fiat
1458 4439 1498 4520 in
1519 4439 1682 4527 cerebro·
1698 4440 1829 4524 localis
1848 4442 2021 4553 quaedam
2034 4448 2192 4557 agitatio
2202 4452 2423 4565 Spirituum

1023 4552 1243 4635 animalium
1260 4550 1354 4661 qui,
1386 4553 1607 4637 vellicando
1629 4558 1856 4667 principium
1874 4560 2030 4667 alicujus
2042 4570 2174 4666 nervi,
2190 4577 2423 4659 concutiant

1023 4690 1093 4775 per
1117 4690 1242 4753 totam
1274 4666 1558 4779 longitudinem
1574 4668 1734 4785 Spiritus
1765 4674 1864 4765 iutra
1890 4700 2118 4775 contentosr
2149 4712 2231 4775 non
2251 4682 2426 4781 securae

1063 4884 1157 4956 'lin
1179 4896 1213 4953 de
1232 4898 1323 4959 Motu
1343 4898 1471 4965 Aninrol.
1493 4903 1564 4967 l'trt.
1585 4906 1703 4989 Ll‘top.
1725 4924 1765 4987 ς,
2260 4882 2265 4887 “
2369 4805 2435 4893 fit

1065 4970 1199 5044 †Trat‘l.
1222 4975 1256 5035 de
1277 4978 1367 5039 Motu
1389 4983 1483 5059 Musa.
1497 4982 1565 5065 Cap.
1591 5008 1616 5054 ι.

1062 5054 1081 5133 3
1100 5050 1221 5121 herest-
1240 5058 1275 5119 de
1293 5059 1385 5124 Moru
1399 5059 1532 5143 Muscas
1587 5125 1591 5133 .
