5500 6884
1060 775 1145 856 420
1214 743 1295 834 un
1350 737 1551 830 Lxxtv.
1611 732 1888 824 Morus
1924 730 2384 830 affrontat.

1059 932 1119 992 tes
1145 907 1343 1010 fimilares,
1372 911 1413 993 id
1439 911 1517 1009 est,
1541 906 1569 991 st
1595 933 1712 992 curva
1743 904 1834 987 data
1861 898 1953 988 esset
1972 899 2157 1000 circulus,
2187 933 2306 1016 quern
2343 906 2437 1017 igitur
2509 939 2510 982 r

1062 1026 1126 1109 hic
1149 1053 1355 1138 exceptum
1386 1028 1507 1125 volo,
1545 1024 1700 1108 daturus
1729 1020 1827 1103 insta
1853 1049 1927 1134 pro
1952 1046 2004 1102 eo
2029 1012 2264 1103 solutionem
2290 1022 2434 1132 peculia

1061 1169 1158 1226 rem.
1220 1141 1325 1256 Ergo
1345 1143 1610 1227 transformata
1638 1141 1693 1226 est
1717 1138 1844 1222 omnis
1876 1165 1993 1220 curva
2014 1133 2127 1232 data,
2147 1161 2316 1248 excepto
2337 1140 2435 1220 circu-

1063 1257 1129 1357 10,
1159 1261 1198 1342 in
1221 1263 1312 1350 alias
1334 1263 1549 1344 innumeras
1566 1257 1635 1340 srbi
1654 1257 1843 1368 aquales,
1865 1251 2087 1366 &quidem
2107 1278 2242 1340 omnes
2264 1253 2431 1367 algebtai·
2509 1247 2510 1282 ¹

1068 1399 1153 1470 cas,
1184 1373 1210 1456 li
1233 1377 1426 1489 proposita
1454 1376 1497 1460 fit
1521 1373 1748 1488 algebrai'ca.
1778 1374 1841 1482 Q
1869 1369 1917 1452 Ε.
1949 1368 1997 1452 F.

996 1521 999 1528 ·
1130 1485 1172 1574 C
1182 1513 1383 1581 oROLL.
1418 1489 1450 1576 l.
1491 1486 1627 1575 Curva
1654 1493 1813 1572 inventa
1843 1489 1965 1596 prima
1996 1478 2028 1567 P
2057 1517 2090 1564 π
2122 1481 2368 1590 Qdimidiae
2395 1485 2436 1569 eh

1065 1607 1353 1720 amplitudinis,
1382 1613 1490 1716 cujus
1520 1610 1575 1692 est
1601 1606 1693 1690 data
1724 1600 1880 1694 APB;
1921 1598 2086 1687 secunda
2114 1602 2372 1712 amplitudinis
2395 1605 2437 1686 ell

1064 1727 1182 1835 partis
1205 1751 1367 1839 quartae,
1391 1725 1503 1808 tertia
1533 1727 1700 1819 oslava,
1735 1745 1872 1832 quarta-
1895 1719 2053 1804 decimae
2077 1713 2208 1816 sextae,
2229 1725 2271 1802 δι
2299 1717 2347 1801 stc
2362 1747 2435 1831 pot·

1063 1866 1132 1929 ros
1158 1837 1463 1924 decrescentibus
1486 1835 1627 1922 scilicet
1650 1836 1965 1948 amplitudinibus
1989 1863 2189 1918 cunarum
2215 1837 2257 1916 in
2285 1829 2435 1948 progres-

1063 1951 1170 2038 fione
1189 1959 1425 2066 geometrica
1451 1951 1664 2066 subduplus
1691 1952 1795 2036 undc
1824 1953 1928 2036 ultro
1950 1952 2014 2032 hic
2041 1946 2079 2034 se
2105 1949 2220 2034 nobis
2249 1949 2361 2038 offert
2376 1981 2434 2034 no·

1062 2096 1114 2151 va
1135 2074 1233 2154 ratio
1257 2069 1489 2157 redificandi
1515 2097 1651 2156 curvas
1677 2099 1746 2182 pet
1773 2069 2160 2180 approximationem.
2222 2062 2332 2152 Cum
2349 2072 2432 2153 enin

1061 2189 1162 2268 recta
1187 2189 1288 2274 linea
1310 2189 1406 2272 nihil
1424 2186 1470 2270 fit
1505 2187 1612 2270 aliud
1633 2213 1750 2299 quam
1779 2212 1893 2278 curva
1915 2183 2175 2295 amplitudinis
2194 2182 2343 2269 infinite
2367 2212 2435 2298 par·

1062 2329 1144 2402 vae,
1173 2331 1296 2388 curva
1328 2307 1465 2418 utique
1491 2305 1651 2400 nostrae,
1693 2300 1761 2411 ipsr
1785 2296 1914 2385 APB
1940 2301 2124 2412 aequales,
2149 2328 2218 2411 per
2240 2295 2435 2386 successivas

1063 2423 1312 2525 operationes
1333 2424 1520 2517 inventa,
1554 2440 1702 2529 quanto
1729 2418 1888 2501 minoris
1913 2415 2011 2501 fiunt
2033 2415 2320 2532 amplitudinis,
2342 2443 2434 2502 tanto

1063 2557 1127 2614 ma
1155 2535 1185 2615 is
1205 2533 1254 2616 ad
1282 2541 1400 2619 redas
1425 2538 1544 2618 lineas
1560 2533 1762 2618 accedunt.

1123 2561 1369 2756 boholt.
1395 2648 1454 2736 ll.
1477 2649 1518 2736 Si
1549 2678 1666 2737 curva
1681 2648 1875 2762 propofita
1892 2641 2037 2734 secensr
2058 2637 2196 2737 inires
2220 2673 2347 2760 partes
2370 2677 2435 2736 atn-

942 2799 945 2804 ’
1061 2763 1262 2876 plitudinis
1287 2772 1476 2882 aequalis,
1502 2796 1730 2880 eaequeper
1754 2766 1984 2851 methodum
2012 2763 2119 2880 supra
2151 2767 2332 2852 traditam
2357 2799 2431 2852 con·

1060 2886 1199 2968 flentur
1215 2886 1376 2970 inunam
1389 2913 1558 2984 curvam,
1573 2884 1800 2967 habebimus
1811 2886 1950 2968 iterum
1959 2885 2319 2996 novanr'proposrtae
2329 2913 2433 2998 aqua·
2467 2943 2475 2967 .

1062 2999 1161 3099 lem,
1179 3031 1263 3114 quae
1286 3004 1419 3115 postea
1444 3002 1612 3084 hmiliter
1640 3003 1678 3083 in
1706 3003 1841 3096 aliam,
1865 3007 1907 3084 ar
1932 3001 2013 3083 haec
2028 3002 2165 3084 iterum
2190 3004 2230 3084 in
2258 3005 2369 3086 aliam
2384 2999 2433 3101 l&

1061 3115 1117 3196 ita
1143 3120 1297 3226 quoties
1313 3120 1495 3216 libuerit]
1523 3116 1863 3200 transformabitur.
1922 3113 2009 3202 Pari
2026 3120 2195 3215 tatione,
2219 3117 2316 3202 hab
2339 3121 2435 3202 initio

1060 3223 1207 3314 secetur
1232 3263 1347 3318 curva
1373 3236 1463 3324 da'ta
1486 3237 1526 3320 in
1542 3259 1713 3346 quatuor
1733 3249 1860 3346 partes
1881 3235 2039 3348 aqualis
2060 3234 2342 3346 amplitudinis,
2359 3263 2433 3348 pro

1062 3342 1165 3427 dibit
1187 3375 1290 3432 nova
1313 3350 1518 3462 progressio
1540 3351 1687 3434 inlinita
1712 3378 1912 3434 curvarum
1940 3354 2181 3436 inventarum
2203 3352 2301 3435 data
2325 3377 2432 3466 aqua·

1060 3459 1156 3545 lium
1176 3497 1187 3553 ;
1221 3493 1289 3574 per
1316 3461 1682 3578 quinquisedionem
1708 3496 1834 3551 cutvae
1862 3467 1960 3551 datae
1982 3463 2101 3552 rursus
2124 3497 2228 3554 nova
2252 3468 2432 3554 obtinetur

1058 3573 1257 3668 curvatum
1281 3577 1413 3674 series3
1440 3611 1615 3668 necnon
1642 3603 1769 3684 nova,
1792 3591 1835 3668 δι
1859 3611 1964 3668 nova
1985 3579 2163 3696 semper,
2194 3586 2357 3670 habetur
2377 3611 2432 3698 pet

1052 3691 1259 3786 sectionem
1279 3705 1316 3784 in
1345 3696 1428 3799 lex,
1454 3703 1495 3783 in
1522 3696 1689 3810 septem,
1708 3703 1747 3782 in
1767 3706 1859 3786 odio
1878 3707 1954 3785 dcc.
1981 3727 2106 3814 partes
2134 3730 2246 3817 aque
2282 3692 2425 3816 amplas

1052 3815 1106 3909 Et
1130 3823 1183 3905 ita
1209 3816 1435 3904 satisfaaum
1452 3820 1506 3904 est
1530 3813 1793 3918 Problemati,
1822 3847 1909 3915 non
1932 3845 2018 3905 uno
2039 3819 2162 3904 modo
2186 3844 2356 3921 tantum,
2378 3814 2433 3903 led

1052 3937 1182 4024 modis
1212 3936 1388 4031 infinitis,
1415 3965 1581 4048 quorum
1619 3933 1750 4048 singuli
1773 3937 1988 4021 innumeras
2014 3938 2199 4022 exhibent
2222 3966 2355 4022 curvas
2375 3937 2432 4019 da·

1052 4075 1102 4140 tae
1127 4055 1302 4166 aequales.
1363 4047 1427 4134 Hi
1451 4050 1560 4136 modi
1586 4049 1612 4132 st
1634 4051 1924 4152 combinentur,
1949 4053 2125 4164 prodibit
2148 4083 2329 4142 numerus
2360 4081 2434 4136 mo·

1051 4169 1195 4254 dorum
1220 4165 1456 4250 infinitorum
1487 4165 1677 4261 infinitum
1705 4171 1845 4279 quibus
1872 4171 2030 4255 ulterius
2056 4172 2288 4255 combinatis
2306 4167 2432 4255 finesi-

1051 4315 1123 4387 ne,
1150 4287 1372 4372 exoriuntur
1390 4286 1487 4367 novi
1512 4279 1659 4400 semper
1679 4284 1874 4372 infinitatis
1891 4286 2051 4403 gradus,
2070 4287 2210 4401 quibus
2225 4289 2432 4401 praeceden-

1052 4423 1110 4486 tes
1136 4405 1239 4517 quast
1261 4397 1524 4494 absorbentur.
1782 4497 1787 4505 ,

864 4551 1033 4622 mvn
1113 4515 1157 4604 C¹
1170 4543 1201 4605 o
1218 4543 1251 4606 R
1268 4543 1300 4606 0
1316 4542 1341 4606 ι
1358 4541 1398 4605 L.
1436 4513 1459 4600 Ι
1469 4513 1488 4600 Ι
1502 4511 1534 4602 Ι.
1571 4511 1667 4601 Alia
1694 4541 1873 4630 praterea
1897 4516 2050 4605 ratione
2077 4520 2260 4630 obreptio
2290 4519 2431 4605 initialis

863 4643 968 4721 Fur·
1050 4639 1179 4747 peragi
1217 4639 1342 4744 potest
1360 4668 1380 4730 r,
1408 4658 1560 4718 mutato
1591 4637 1768 4719 nimitum
1795 4637 1864 4720 fitu
1888 4637 2007 4749 partis
2034 4631 2141 4736 ΑΡ,
2167 4639 2281 4721 vela
2304 4634 2360 4737 P,
2394 4655 2429 4716 ut

1048 4753 1306 4840 extremitates
1336 4753 1501 4863 partium
1526 4779 1607 4835 non
1632 4754 1821 4864 contiguae
1852 4754 1904 4837 ab
1934 4753 2046 4835 initio
2077 4747 2115 4836 se
2140 4775 2331 4866 tangant,
2362 4755 2430 4834 hoc

1042 4863 1124 4977 est,
1151 4889 1194 4956 ut
1218 4871 1435 4960 extremitas
1455 4869 1631 4984 apertis
1659 4897 1693 4953 a·
1717 4863 1754 4957 P·
1776 4891 1907 4986 tangat
1944 4870 2225 4958 exuenritatem
2256 4866 2291 4958 P
2323 4867 2430 5074 pagis

1465 5024 1470 5033 ¹
2417 5040 2431 5077 2
