5500 6884
224 560 433 1011 v

990 981 1046 1064 34
1193 941 1321 1040 N0.1.
1381 943 1479 1036 DE
1531 933 2213 1040 urrnnvnscnu'rrA

987 1107 2375 1350 {lililllzlliuzlllll?{allelui&llllzl‘rll‘pl‘lssl

988 1351 1108 1434 ltabet
1132 1352 1214 1434 vim
1227 1346 1456 1438 dillolvendi
1480 1354 1739 1463 &particulas
1760 1352 2137 1468 diffringendi,haud
2164 1351 2375 1465 incongrue

988 1465 1067 1549 dici
1085 1467 1212 1580 potest
1238 1467 1368 1578 ignem
1391 1463 1465 1553 else
1483 1466 1664 1560 acidumr
1685 1471 1813 1582 pulvis
1838 1473 1967 1584 pyrius
1992 1499 2112 1571 vero,
2140 1469 2230 1582 quia
2253 1469 2374 1552 maxi-

987 1609 1052 1666 ma
1073 1613 1121 1668 ex
1143 1605 1251 1697 parte
1273 1581 1474 1668 conficitur
1495 1613 1545 1672 ex
1564 1587 1692 1686 nitro,
1724 1585 1885 1673 dubium
1913 1589 2092 1686 nonest,
2116 1586 2208 1699 quin
2235 1587 2373 1694 copio-

986 1697 1032 1784 srs
1054 1701 1246 1812 particulis
1274 1703 1385 1784 alcali
1405 1701 1554 1788 constet
1574 1737 1584 1786 :
1607 1703 1684 1786 hoc
1706 1703 1856 1814 pofito,
1878 1702 2032 1788 difficile
2057 1729 2138 1796 non
2162 1701 2233 1786 erit
2241 1726 2374 1788 veram

985 1811 1134 1901 causam
1162 1817 1359 1904 violentia
1378 1816 1523 1904 accenfi
1542 1819 1708 1926 pulveris
1728 1821 1828 1932 pyrii
1855 1819 2060 1934 affignare,
2104 1819 2131 1905 st
2156 1816 2280 1906 modo
2295 1913 2299 1920 .
2314 1841 2372 1900 at·

985 1933 1165 2018 tendatur
1178 1934 1284 2019 adea
1297 1964 1382 2048 quae
1403 1939 1436 2027 §-
1457 1927 1578 2022 ΧΧῘ.
1599 1935 1700 2020 diua
1718 1931 1828 2037 sunt,
1852 1936 1920 2022 ubi
1941 1931 2130 2024 ostensum
2148 1935 2225 2034 est,
2256 1959 2373 2048 quam

983 2051 1282 2165 ingentemvim
1301 2049 1487 2163 impedita
1518 2047 1802 2140 effervescentia
1827 2081 2003 2142 exerceat
2025 2057 2065 2138 in
2092 2053 2254 2166 parietes
2276 2049 2373 2136 vasu

755 2197 761 2206 ’
934 2254 939 2262 ,
984 2165 1100 2252 claust
1123 2165 1293 2253 :eadem
1314 2173 1355 2251 δι
1377 2164 1441 2252 hic
1472 2168 1651 2282 applicari
1671 2167 1846 2284 polluntr
1885 2169 2048 2256 srenirn
2077 2171 2226 2284 pulveri
2256 2168 2374 2280 pyrio

983 2283 1082 2394 ignis
1107 2282 1387 2385 admoveatur,
1415 2283 1520 2370 idem
1542 2287 1621 2386 est,
1650 2315 1694 2372 ac
1718 2287 1745 2372 st
1768 2289 1878 2374 alcali
1904 2293 1944 2373 dc
1971 2288 2123 2372 acidum
2149 2279 2374 2371 misceantur

982 2401 1174 2492 inviceme
1196 2428 1286 2484 nam
1307 2403 1429 2485 statim
1448 2427 1493 2486 ac
1522 2404 1620 2516 ignis
1643 2405 1843 2515 pulverem
1865 2407 2017 2518 pyrium
2039 2405 2229 2518 attigerit,
2270 2401 2372 2486 illius

980 2518 1174 2630 particula
1210 2517 1351 2617 acidae,
1373 2520 1429 2602 ob
1462 2543 1615 2606 motum
1633 2520 1937 2621 velociffimum,
1962 2515 2087 2606 subito
2106 2527 2148 2606 δι
2170 2516 2371 2630 quafimo·

982 2657 1119 2718 mento
1141 2635 1288 2718 irruunt
1309 2637 1349 2716 in
1369 2635 1480 2744 hujus
1504 2638 1706 2748 particulas
1729 2639 1862 2738 alcali,
1906 2632 2044 2750 easque
2074 2631 2367 2748 diffringendo,

982 2751 1061 2864 aseri
1082 2745 1252 2850 incluso,
1274 2753 1344 2864 qui
1364 2749 1557 2841 arelillrme
1583 2751 1814 2866 compreffus
1842 2755 1918 2854 est,
1939 2754 2084 2844 exitum
2107 2775 2261 2872 paranti
2286 2765 2377 2862 quo¹

982 2865 1050 2967 fit,
1074 2871 1202 2951 ut'aer
1227 2867 1294 2957 iste
1319 2897 1368 2954 ex
1391 2865 1542 2982 lingulis
1559 2871 1753 2984 particulis
1775 2871 1882 2956 simul
1902 2870 2109 2969 colleclus,
2147 2870 2260 2975 unitis
2276 2867 2370 2950 viti-

982 2982 1082 3082 bus,
1109 3011 1188 3094 ope
1205 2985 1265 3068 vis
1285 2978 1355 3070 suae
1373 2985 1534 3072 clasticae
1552 2985 1767 3100 (liquidem
1786 2990 1924 3072 mirum
1947 2989 1987 3070 in
2010 2985 2173 3072 modum
2196 2982 2369 3068 conden-

981 3095 1080 3185 satus
1106 3101 1161 3182 est
1172 3157 1187 3198 ,
1208 3123 1251 3184 ut
1271 3128 1366 3184 mox
1389 3099 1575 3212 patebit)
1598 3109 1639 3186 δι
1657 3131 1680 3188 a
1701 3129 1812 3190 motu
1841 3104 1940 3216 ignis
1960 3101 2085 3192 adhuc
2108 3103 2228 3216 magis
2247 3103 2368 3212 agita-

981 3241 1066 3317 tus,
1085 3239 1169 3300 uno
1197 3217 1296 3314 idn,
1319 3245 1483 3334 quaque
1514 3217 1791 3334 impedimenta
1830 3213 2052 3318 semoveat,
2093 3226 2133 3302 δι
2174 3215 2380 3302 fortilstma·

979 3358 1142 3447 quoque
1177 3331 1372 3416 obstacula
1409 3359 1639 3448 perrumpat.
1673 3333 1779 3446 Quis
1811 3361 1940 3419 autem
1962 3335 2039 3418 hoc
2063 3335 2245 3416 miretur?
2277 3357 2366 3414 curn

979 3449 1160 3562 quotidie
1187 3449 1412 3547 videamus,
1445 3474 1645 3560 quantum*
1672 3452 1767 3534 aeris
1803 3449 1863 3532 vis
1895 3449 2045 3538 elallica
2080 3449 2250 3562 polleatr
2289 3471 2364 3534 ceu

977 3561 1108 3654 Frater
1133 3593 1283 3678 nupero
1309 3565 1575 3674 experimento
1596 3563 1751 3677 publice
1769 3565 1963 3666 ostendit,
1990 3567 2086 3648 aeris
2104 3567 2332 3678 gravitatem
2347 3577 2379 3662 ,³

977 3684 1044 3768 vel
1067 3684 1197 3794 potius
1219 3683 1300 3766 virn
1322 3681 1511 3768 elallicam
1542 3681 1674 3792 (quia
1697 3683 2024 3792 experimentum,
2045 3707 2124 3766 tam
2147 3683 2186 3770 in
2208 3679 2363 3766 concla-

977 3801 1019 3883 vi
1038 3792 1190 3899 clauso,
1213 3825 1331 3910 quam
1357 3791 1426 3882 sub
1448 3795 1545 3897 dio,
1576 3789 1744 3882 {incedit
1761 3795 1945 3908 >tantam
1965 3793 2062 3896 elle,
2088 3823 2131 3884 ut
2150 3799 2364 3910 plusquam

976 3915 1157 4001 undecim
1184 3911 1433 4026 centipondia
1454 3941 1535 3997 non
1553 3915 1751 4026 potuerint
1769 3912 1955 4004 divellere
1986 3915 2076 3998 bina
2105 3907 2362 4024 hemisphaeria

975 4058 1137 4143 cuprea,
1157 4059 1323 4144 quorun
1344 4029 1533 4116 diameter
1555 4029 1623 4114 vix
1646 4029 1757 4144 pedis
1780 4027 2011 4117 dodrantem
2037 4030 2237 4146 adaquat,
2257 4029 2363 4142 post·

973 4170 1092 4260 quam
1117 4173 1166 4230 ex
1188 4147 1288 4248 illis,
1315 4145 1383 4233 fibi
1404 4147 1573 4234 invicem
1602 4145 1814 4260 adaptatis,
1836 4179 1913 4264 ope
1942 4149 2065 4234 antlia
2094 4148 2359 4260 pneumatica,

972 4269 1102 4350 aerem
1126 4260 1339 4352 extraxiliet
1363 4300 1372 4347 ε
1401 4293 1451 4350 en
1471 4289 1620 4348 tantum
1643 4265 1812 4378 praestitit
1830 4269 1927 4352 a'e’tis
1947 4268 2124 4352 naturalis
2154 4265 2359 4352 consisten-

973 4381 1035 4466 tlae
1056 4381 1117 4466 vis
1143 4379 1316 4465 clastica:
1343 4383 1440 4468 nihil
1461 4380 1588 4466 dicam
1611 4411 1706 4496 ergo
1728 4381 1779 4467 de
1797 4377 1975 4498 sclopctis
1992 4383 2072 4476 istis
2106 4381 2361 4496 pneumaticis

970 4511 1145 4584 recenter
1166 4499 1353 4598 inventis,
1386 4527 1471 4614 quae
1495 4529 1573 4616 ope
1609 4495 1723 4585 solius
1752 4503 1847 4584 ae'ris
1875 4493 2118 4600 condensati,
2151 4497 2359 4612 globulum

970 4641 1039 4726 per
1060 4614 1214 4702 asserem
1234 4608 1318 4700 satis
1335 4611 1491 4702 crassum
1514 4619 1716 4728 trajiciunt.
1756 4615 1797 4701 Si
1822 4617 1953 4732 itaque
1975 4638 2102 4701 tantus
2127 4615 2180 4700 est
2201 4613 2360 4702 effeetus

971 4731 1067 4812 aeris
1104 4733 1172 4814 vix
1199 4731 1329 4819 decies
1350 4731 1533 4818 densioris
1552 4745 1640 4820 aere
1661 4733 1847 4832 nanuali,
1869 4732 1966 4848 quid
1988 4761 2069 4818 non
2091 4729 2229 4820 efficiet
2256 4737 2355 4834 aer,

971 4847 1068 4930 ultra
1094 4873 1212 4958 quarn
1232 4851 1377 4936 centies
1403 4848 1555 4936 denfior
1567 4911 1580 4951 ,
1611 4852 1680 4966 qui
1702 4852 1742 4934 in
1761 4851 1870 4938 alcali
1888 4852 2081 4966 particulis
2100 4851 2269 4965 pulveris
2281 4877 2356 4962 py-

967 4961 1015 5048 tii
1037 4963 1272 5050 includitur?
1303 4961 1439 5056 Tanta
1461 4965 1650 5069 denfitas,
1670 4967 1720 5053 ad
1771 4997 1858 5054 uam
1876 4981 1942 5055 aer
1965 4971 2144 5056 ludentis
2173 4969 2281 5056 nullo
2294 4993 2357 5052 ar·

966 5079 1089 5170 silicio
1112 5081 1237 5198 redigi
1256 5087 1387 5200 potult
1397 5144 1415 5188 ‚
1435 5109 1596 5174 onmem
1618 4997 1969 5206 fidouiuperaretr
2011 5085 2080 5180 nui
2101 5087 2240 5181 veritas
2264 5077 2355 5288 ppei}
