5500 6884
832 871 836 881 ·
974 906 1056 987 144
1112 863 1373 963 rutxxvr.
1404 850 1757 960 oernrro
1796 838 2268 961 arnnanunrac.
2413 822 2417 832 ’

968 1062 1018 1116 eo
1049 1034 1089 1115 in
1128 1024 1239 1128 casu,
1274 1028 1300 1112 sr
1335 1028 1379 1111 fit
1411 1023 1711 1129 eleni),
1748 1060 1864 1114 curva
1891 1026 2029 1116 FME
2056 1034 2233 1145 congruit
2269 1045 2359 1119 cum'

831 1154 835 1165 ’
966 1146 1112 1239 DLG;
1138 1155 1179 1233 δι
1210 1142 1258 1229 stc
1289 1141 1366 1258 ipsa
1395 1142 1537 1233 DLG
1560 1145 1700 1230 efficiet
1736 1148 1938 1233 dimidium
1971 1176 2076 1231 arcus
2111 1146 2274 1238 ENO.
2308 1144 2358 1235 Et

967 1294 1129 1365 contra,
1163 1265 1290 1348 omnis
1315 1291 1432 1346 curva
1450 1265 1579 1376 genita
1609 1292 1658 1348 ex
1684 1266 1912 1349 evolutione
1939 1292 2061 1349 curvae
2092 1264 2250 1351 duarum
2274 1294 2356 1375 par·

968 1387 1066 1469 tium
1095 1382 1270 1467 srmilium
1288 1386 1328 1462 de
1351 1381 1579 1491 aequalium,
1610 1380 1664 1465 est
1684 1382 1904 1465 reducibilis
1923 1381 1974 1463 ad
1997 1383 2229 1465 circularem.
2255 1378 2358 1465 Ani-

794 1555 799 1569 ·
967 1497 1232 1587 madversrone
1253 1499 1373 1581 etiam
1398 1494 1558 1609 dignum
1575 1495 1667 1581 inde
1691 1501 1803 1597 fluit,
1834 1498 1967 1612 quod,
1999 1496 2025 1579 sr
2055 1526 2103 1582 ex
2133 1498 2288 1582 infinitis
2315 1528 2357 1582 e-

967 1619 1174 1702 volutione
1200 1606 1470 1725 condescriptis
1494 1613 1605 1697 unita
1633 1618 1840 1726 reperiatur
1869 1612 2155 1717 redificabilis,
2199 1616 2264 1701 vel
2286 1616 2357 1699 ab·

967 1728 1121 1833 solute,
1154 1730 1220 1815 vel
1240 1724 1428 1841 suppofita
1446 1726 1667 1817 extenfione
1692 1731 1902 1822 circularis3
1936 1754 2077 1815 caeterae
2099 1760 2236 1817 omnes
2257 1734 2358 1843 pari.-

967 1878 1028 1937 ter
1056 1880 1126 1965 per
1160 1871 1288 1931 arcum
1318 1847 1449 1929 circuli
1482 1837 1807 1933 mensurabuntur.
1838 1843 1951 1933 Plura
1987 1848 2086 1947 alia,
2122 1876 2245 1961 eaque
2276 1874 2359 1932 non

965 1964 1280 2063 contemnenda,
1314 1990 1363 2061 ex
1394 1960 1504 2046 dietis
1532 1960 1643 2047 facile
1683 1964 1948 2054 deducunturt
1982 1990 2065 2077 quat
2102 1966 2270 2077 generali
2296 1963 2358 2053 di·

967 2084 1394 2204 incolomitatem
1437 2078 1662 2191 indagmdae
1703 2110 1786 2168 non
1826 2081 2024 2168 mediocre
2063 2082 2194 2168 lumen
2224 2080 2357 2168 afferre

1025 2223 1166 2289 terunt.
1877 2214 1886 2233 ·

966 2226 1161 2429 perod
1198 2310 1490 2402 celeberrimus
1529 2308 1869 2406 Lururtlrrus
1912 2316 1951 2401 in
1994 2341 2141 2426 nupero
2180 2318 2360 2399 Ariorum

966 2431 1119 2526 Martio
1139 2435 1165 2485 l
1194 2432 1492 2531 animadvertit,
1524 2438 1778 2548 quantitatem
1804 2433 2061 2521 irrationalem
2089 2431 2232 2517 habere
2259 2428 2358 2517 sum·

964 2556 1165 2639 matricem
1194 2554 1310 2637 etiam
1338 2550 1597 2635 irrationalem
1627 2552 1808 2643 srmilemr
1840 2553 1952 2665 plane
1983 2548 2079 2633 nihil
2101 2549 2264 2663 derogat
2282 2549 2358 2641 ob-

967 2670 1125 2780 Jenioni
1154 2698 1247 2753 mete
1277 2664 1485 2751 acutillrmo
1518 2666 1783 2755 CRAIGIO
1813 2667 1930 2751 faeta.
1970 2664 2064 2750 Sum
2094 2668 2197 2751 enim
2222 2672 2357 2779 &ego

968 2784 1012 2871 in
1041 2778 1179 2870 eadem
1209 2786 1395 2896 opinione
1425 2803 1512 2867 cum
1541 2779 1601 2867 D.
1642 2780 1994 2873 Lulunmor
2036 2782 2147 2893 quod
2175 2787 2360 2867 terminus

799 3000 803 3006 p
968 2899 1238 3002 fumandos,
1268 2907 1310 2985 δι
1337 2895 1567 3001 summat0r‚
1596 2896 1730 2987 iisdem
1758 2902 1966 2998 lateribus,
2010 2892 2073 2983 seu
2102 2898 2273 2985 radicum
2314 2898 2359 2985 st·

848 3082 852 3089 -
969 3024 1079 3133 gnis,
1109 3022 1280 3103 constare
1309 3017 1489 3101 debeant.
1530 3016 1609 3105 Sed
1639 3049 1686 3105 err
1717 3021 1793 3105 hoc
1812 3047 1893 3103 non
1914 3012 2111 3129 sequitur,‘
2126 3018 2243 3100 etiam
2265 3011 2361 3129 ipsas

968 3139 1201 3243 quantitates
1230 3136 1411 3221 laterrhus
1441 3136 1635 3221 involutas
1665 3132 1739 3239 elle
1770 3131 1956 3225 easdemt
1989 3138 2029 3215 δι
2059 3134 2135 3216 hoc
2165 3130 2360 3245 estquod

969 3250 1055 3345 Dn.
1071 3250 1291 3340 CRAIGI
1300 3277 1363 3342 us
1394 3246 1608 3365 supponere
1638 3254 1818 3353 videtur,
1850 3260 1890 3337 δι
1907 3275 2043 3335 contra
2060 3248 2169 3362 quod
2185 3250 2358 3357 objedtio

970 3396 1057 3456 mea
1073 3371 1258 3485 dirigitur.
1319 3366 1538 3481 Complura
1567 3375 1607 3453 in
1629 3372 1727 3454 hanc
1751 3398 1832 3453 rem
1859 3366 2035 3477 exempla
2064 3368 2285 3465 habentur,
2317 3368 2359 3451 in

966 3490 1111 3604 quibus
1140 3489 1407 3599 quantitates,
1449 3486 1539 3571 licet
1568 3481 1808 3570 summabiles
1832 3546 1845 3585 ‚
1873 3482 2063 3569 methodo
2093 3508 2222 3569 tamen
2254 3483 2357 3571 Crat·-

961 3618 1077 3721 gim
1106 3598 1280 3686 summari
1310 3630 1391 3686 non
1422 3598 1603 3715 possuntt
1637 3602 1782 3687 etiamst
1812 3606 2003 3716 quantitas
2027 3636 2081 3715 y,
2122 3632 2230 3688 more
2268 3596 2359 3687 Au·

967 3726 1112 3820 thoris,
1142 3744 1328 3835 quantum
1342 3712 1440 3806 'ficri
1470 3723 1625 3835 potest,
1657 3722 1839 3807 liberetur
1869 3748 1891 3805 a
1921 3720 2116 3818 vinculo,
2157 3714 2221 3804 seu
2252 3718 2359 3832 srgno

786 3920 796 3928 .
967 3840 1136 3927 tadicali,
1171 3834 1321 3925 1Ratio
1350 3840 1462 3949 hujus
1491 3840 1577 3941 est,
1609 3840 1719 3954 quod
1748 3836 1940 3925 interdum
1969 3898 1982 3937 ,
2023 3860 2155 3949 praeter
2184 3837 2281 3919 hanc
2311 3837 2359 3919 li·

967 3960 1245 4055 berationem,
1285 3961 1403 4041 etiam
1442 3952 1519 4072 ipsa
1557 3960 1749 4071 quantitas
1779 3958 1864 4069 post
1893 3954 2036 4069 fignum
2065 3954 2228 4039 radicale
2258 3952 2358 4035 divi·

969 4074 1097 4159 denda
1126 4074 1170 4159 stt
1199 4104 1267 4185 per
1295 4076 1409 4159 aliam
1440 4078 1715 4191 quantitatem:
1748 4076 1839 4158 alias
1867 4072 2074 4157 methodus
2092 4074 2158 4155 illa
2177 4096 2257 4157 non
2277 4063 2358 4151 suc-

969 4189 1097 4275 cedet.
1156 4188 1307 4277 Verum
1338 4192 1389 4276 de
1420 4193 1490 4277 hac
1520 4192 1670 4281 cautela
1693 4194 1740 4291 ¹in
1769 4214 1858 4281 toto
1889 4184 2140 4282 ΟΜΝΗ
2171 4184 2358 4276 Tradatu

967 4309 1090 4397 altum
1118 4308 1263 4425 ubique
1292 4309 1492 4399 srlentium.

1057 4640 1075 4677 ⁴
1091 4642 1183 4723 Supra
1201 4640 1254 4707 N'.
1275 4584 1412 4708 xxll.
