5500 6884
491 861 834 959 mnrium
865 795 1331 960 rnonmnaitrir
1357 869 1600 964 iuoiiuii.
1679 886 1768 999 '2'67

374 1041 476 1128 adeo
502 1042 582 1138 est,
612 1037 722 1152 quod
750 1039 848 1122 banc
872 1041 1067 1122 materiam
1096 1033 1344 1150 seposueiim3
1375 1069 1493 1154 quam
1512 1045 1597 1155 ,prii
1625 1042 1740 1133 fallor
1747 1067 1766 1152 ,·

375 1163 517 1270 primus
540 1159 580 1238 iii
605 1157 731 1240 lucem
764 1159 959 1269 protraxi,
988 1179 1031 1240 ut
1061 1155 1262 1240 difficulter
1292 1159 1332 1239 in
1369 1185 1538 1248 mentem
1563 1191 1761 1252 revocem.

375 1270 483 1358 Cuin
506 1299 602 1358 vero
626 1273 778 1384 aliquot
803 1275 978 1384 exempla
1001 1271 1169 1384 proferat
1189 1273 1320 1356 Frater
1353 1303 1552 1362 curvarum
1578 1281 1612 1362 al
1640 1279 1764 1379 ebrai-¹

373 1418 528 1488 carum,
555 1416 665 1502 quae,
689 1393 766 1496 jam
791 1415 957 1504 quatuor
976 1389 1116 1472 abhinc
1146 1393 1280 1488 annis,
1310 1388 1582 1478 Celeberrimo
1609 1307 1763 1483 {213⁴

376 1527 544 1591 N1T10
588 1507 629 1588 in
659 1508 815 1618 privatis
846 1505 895 1588 ad
935 1502 1055 1618 ipsum
1076 1507 1211 1590 litteris
1239 1501 1362 1592 soluta
1392 1507 1514 1592 dedi:
1546 1511 1671 1622 placet
1702 1515 1765 1598 hic

377 1651 583 1734 excerpere
603 1649 689 1734 quae
713 1647 795 1706 tum
815 1617 1025 1731 scripseram
1045 1624 1084 1704 in
1098 1616 1253 1706 Litteris
1273 1623 1312 1706 d.
1339 1656 1375 1709 2.
1407 1623 1623 1736 Septembr.
1645 1646 1768 1738 1694.

372 1799 402 1838 „
416 1735 544 1823 Aliud
567 1741 644 1845 jam
675 1737 824 1849 pridem
860 1741 975 1822 etiam
1010 1740 1105 1822 mibi
1135 1738 1413 1824 consideratum
1443 1737 1650 1826 Problema
1680 1770 1762 1828 non

373 1915 404 1956 „
418 1858 545 1938 minus
566 1856 722 1968 elegans
757 1883 874 1967 quam
905 1855 1000 1940 utile
1011 1915 1026 1956 ,
1046 1856 1114 1938 ob
1144 1853 1366 1942 affinitatem
1401 1885 1516 1970 quam
1544 1887 1631 1942 cum
1663 1856 1765 1951 hisce

374 2031 404 2069 ,‚
420 1975 567 2078 (curva
597 1977 687 2053 alin
717 1972 882 2082 posttiene
910 1974 1016 2054 dates
1050 1969 1302 2082 tangentibus)
1332 1973 1488 2074 habet,
1517 2003 1758 2092 proponam:

306 2181 310 2188 ,
371 2083 534 2186 „Datis
559 2115 698 2201 nempe
727 2087 882 2171 infinitis
912 2088 1036 2172 curvis
1064 2088 1277 2200 positione,
1300 2091 1473 2174 invenire
1496 2119 1650 2176 curvam
1674 2120 1759 2206 quae

372 2263 402 2303 „
418 2233 554 2288 omncs
583 2203 633 2287 ad
663 2205 823 2316 angulos
852 2207 976 2288 remos
1005 2197 1132 2302 secat,
1176 2206 1242 2288 vel
1272 2229 1316 2288 ut
1345 2201 1449 2288 Tuis
1477 2208 1606 2292 verbis
1637 2234 1757 2308 utar,
1788 2291 1796 2304 ,
1862 2233 1865 2242 ’

372 2377 402 2418 „
417 2320 542 2404 Liner's
561 2321 771 2432 propnfitnrn
797 2323 1005 2403 normaliter
1019 2319 1224 2429 secantibus
1245 2321 1410 2430 posttirne
1438 2327 1630 2406 ordinatim
1645 2329 1755 2416 datis,

373 2447 580 2535 „invenire
608 2438 832 2550 propostam.
892 2436 933 2522 Si
970 2436 1163 2550 positione
1204 2439 1412 2520 ordinatim
1451 2435 1548 2522 data
1578 2437 1648 2522 sint
1684 2437 1757 2523 Pa·

371 2611 401 2652 „
414 2555 557 2638 rabolae
577 2559 733 2664 cujusvis
751 2557 914 2664 gradun,
945 2552 1114 2637 eundem
1142 2579 1254 2636 axem
1283 2558 1324 2635 dc
1353 2554 1520 2640 eundem
1548 2557 1758 2655 verticem,

371 2729 401 2770 „
414 2664 482 2754 sed
509 2697 744 2784 perimetros
768 2672 969 2756 variabiles
997 2670 1210 2768 habentes,
1243 2696 1358 2752 curva
1388 2693 1520 2782 optata
1546 2673 1618 2756 erit
1637 2667 1761 2784 Ellip-

372 2783 461 2885 „sis
484 2822 495 2870 r
526 2787 553 2870 si
582 2787 773 2899 positione
801 2789 1009 2871 ordinatim
1037 2787 1136 2871 datae
1164 2785 1236 2869 fint
1263 2781 1460 2871 Parabolae
1490 2787 1636 2874 eadem
1666 2801 1762 2872 eun·'

373 2959 403 3002 „
417 2901 508 2987 dem
524 2899 651 2988 'axem
680 2897 746 2988 sed
773 2905 976 2988 variabiles
1004 2907 1169 2988 vertices
1197 2902 1421 3002 habentes,
1462 2930 1577 2988 curva
1610 2903 1761 3016 quaesta

374 3078 405 3118 „
419 3021 492 3102 erit
520 3015 803 3134 Logaritbmica
828 3021 1017 3132 vulgaris:
1048 3017 1112 3104 Sic
1140 3022 1181 3104 in
1211 3021 1353 3128 quovis
1384 3021 1564 3132 exemplo
1592 3019 1760 3130 peculia-

373 3194 404 3233 „
418 3139 474 3235 ri,
508 3165 589 3220 rem
625 3136 736 3222 facile
764 3135 945 3248 expedire
974 3132 1156 3248 possemr
1197 3129 1298 3218 Tibi
1336 3156 1467 3219 aurem
1497 3131 1649 3218 difficile
1679 3161 1761 3218 non

372 3255 492 3350 „erit
519 3255 715 3365 generales
744 3281 816 3365 pro
845 3253 923 3336 hoc
964 3253 1184 3363 excogitare
1220 3249 1384 3361 regulas.
1448 3244 1645 3336 Caeterum
1685 3249 1766 3334 hoc

257 3371 274 3400 ⁰
375 3425 405 3465 „
419 3363 627 3455 Problema
655 3371 839 3483 infignem
868 3363 975 3452 usum
1003 3370 1151 3480 prasiat
1179 3366 1220 3448 in
1249 3366 1541 3452 detemiinanda
1564 3389 1764 3452 curvatura

375 3485 612 3584 „radiorum
638 3489 734 3570 lucis
757 3515 825 3597 per
848 3485 1019 3570 medium
1045 3482 1280 3595 inaequaliter
1299 3477 1458 3568 densum
1480 3477 1767 3582 transeuntium,¹

374 3660 405 3700 ,‚
418 3606 523 3710 juxta
546 3595 784 3716 hypothesin
811 3597 862 3686 H
873 3621 1100 3690 uertunt
1132 3598 1159 3682 si
1189 3595 1349 3710 quidem
1380 3601 1506 3686 radius
1534 3601 1629 3684 nihil
1658 3595 1765 3684 aliud

373 3776 405 3818 „
419 3719 463 3801 sit
490 3749 607 3833 quam
629 3722 731 3804 linea
758 3718 1028 3804 undulationes
1058 3715 1109 3800 'ad
1138 3717 1299 3827 angulos
1327 3721 1451 3802 rectos
1480 3711 1620 3802 secans.
1647 3707 1761 3823 ,Pos-

374 3891 405 3934 „
419 3830 474 3920 set
497 3831 656 3949 praesens
685 3832 892 3923 Problema
913 3833 1040 3918 adhuc
1068 3833 1180 3916 latius
1209 3831 1393 3928 extendi,
1424 3861 1564 3942 nempe
1594 3829 1662 3916 fic:
1694 3830 1782 3914 Li,

372 3962 493 4050 „reis
511 3955 720 4066 propifitnnr
748 3959 803 4036 nd
824 3956 996 4062 engrelnnr
1033 3956 1158 4034 derum
1187 3943 1394 4053 secantibus
1421 3947 1586 4057 posttrbne
1613 3949 1758 4027 ordina·

373 4079 487 4169 „tint
513 4076 637 4161 darii,
677 4081 839 4154 invenire
870 4068 1116 4182 prrpoſstnm,
1157 4062 1184 4146 si
1222 4064 1331 4148 lineat
1364 4057 1460 4146 datae
1490 4061 1560 4146 sint
1581 4065 1690 4146 redlae
1719 4061 1762 4146 ln

373 4241 403 4284 ‚,
443 4191 560 4271 undio
589 4192 809 4286 coiuntes,
840 4214 957 4272 curva
985 4182 1139 4298 quaefita
1168 4183 1276 4278 (ceu
1306 4177 1544 4267 manifestum
1572 4180 1660 4280 est)
1691 4177 1763 4266 erit

372 4215 705 4400 „loxodromica
733 4305 872 4418 plana,
903 4308 980 4386 &o

435 4415 558 4504 Hisce
587 4417 663 4509 Vir
690 4416 935 4534 sagacissimus
963 4419 1005 4503 in
1033 4417 1135 4501 hunc
1165 4413 1330 4502 moduni
1359 4407 1579 4525 respondit,
1612 4413 1652 4498 in
1680 4405 1766 4507 Liri

372 4587 464 4670 teris
492 4587 544 4672 ad
571 4617 636 4673 me
668 4549 828 4728 datis-If6
846 4577 1062 4670 Decembr.
1099 4601 1241 4694 1694,
1275 4578 1387 4696 quod
1423 4579 1558 4663 lubens
1597 4578 1671 4662 buc
1700 4591 1763 4664 te·¹

371 4749 481 4856 sero,
512 4776 556 4840 ut
584 4775 763 4867 appareat
791 4729 1007 4864 quantum,
1038 4753 1079 4832 dc
1109 4751 1196 4850 ille,
1226 4752 1305 4857 jain
1333 4769 1416 4830 tum
1446 4741 1590 4828 fecerit.
1616 4798 1644 4844 „
1668 4736 1768 4828 Me)

370 4929 402 4971 a>
417 4871 584 4973 rhodus,
614 4873 741 4986 inquit
752 4928 767 4968 ,
797 4867 1021 4956 inveniendi
1050 4891 1230 4964 curvam,
1260 4889 1347 4979 quae
1379 4859 1586 4945 ordinatim
1604 4858 1766 4974 positio:

371 5045 404 5090 ‚2
418 5019 469 5079 ne
500 4988 600 5102 datis
632 5011 804 5078 occutm
832 4985 885 5078 ad
913 4987 1075 5105 angulos
1090 4985 1264 5192 ίῖἂοε,
1304 5009 1395 5090 ineo
1424 4975 1572 5098 judicio
1600 4975 1766 5190 eonsililgt

376 5135 381 5150 ⁸
1204 5128 1235 5211 Ξ
1668 5147 1725 5200 ri.
